1696 2676
720 100 979 135 ROVLERIUs,
1009 101 1215 128 sTVARTA.

449 211 588 252 edicto
609 213 844 265 approbata
870 214 1013 265 prodit
1045 215 1356 255 exsultantium
1385 216 1538 256 chorus
1558 216 1640 256 An-

445 277 626 329 glorum.

498 342 648 382 Altero
685 346 783 382 actu
822 343 1038 384 Stuartam
1077 357 1178 384 suas
1215 345 1482 385 calamitates
1511 345 1640 386 altius

445 411 576 461 paulo
612 412 880 461 repetentem
916 409 1049 449 solam
1089 410 1252 450 solatur
1293 411 1410 451 solus
1448 410 1644 451 medicus

386 486 400 508 ⁷1
448 488 568 524 suus,
596 474 768 525 indigne
790 474 991 514 molestat
1011 475 1175 524 Amias;
1200 477 1471 528 captivorum
1492 476 1645 516 chorus

448 540 653 579 iuvenum
684 542 727 578 61
755 540 994 591 puellarum
1022 540 1137 580 mala
1165 540 1334 581 8001136
1364 541 1643 592 religionibus

445 605 652 656 neglectis
682 608 900 656 comparat
930 605 1089 644 veteris
1120 605 1305 645 Iudaeae
1335 606 1469 646 malis.

501 671 634 709 Actus
655 669 808 709 tertius
829 670 1019 709 continet
1051 670 1363 721 expositionem
1383 671 1576 711 intentae
1596 671 1640 711 in

399 750 487 780 [Ma]
533 735 750 775 8103113111
793 735 987 775 fallaciae
1009 749 1084 787 per
1106 735 1360 776 Giffordium
1390 737 1638 786 delatorem,

370 819 401 841 11»
446 800 518 853 qui
557 801 724 840 litteras
763 800 815 839 ad
856 801 1054 840 factionis
1091 801 1233 852 regiae
1271 802 1466 842 homines
1502 804 1546 842 et
1579 815 1639 841 re-

448 879 605 919 sponsa
634 866 891 916 resignanda
922 865 1149 917 Valsigano
1191 869 1234 906 et
1262 866 1357 906 aliis
1384 866 1638 918 prodiderit;

448 932 649 972 Stuartae
680 931 829 970 famuli
849 931 971 982 quasi
998 932 1301 971 coniurationis
1332 932 1561 984 participes
1580 931 1637 971 in·

448 1001 515 1037 ter
537 996 779 1036 venandum
801 996 1109 1048 comprehensi,
1133 1000 1175 1036 61
1196 998 1325 1049 legati
1348 997 1401 1037 ad
1419 997 1638 1038 Stuartam

447 1062 698 1102 Buccartius
736 1064 778 1101 et
818 1061 990 1101 Bealius
1030 1062 1205 1101 nuntius
1249 1062 1303 1102 ad
1344 1062 1636 1103 Sarsbericum

371 1144 401 1167 ιε,
446 1141 540 1167 cum
558 1127 877 1176 haeresiarchis,
891 1127 963 1179 qui
976 1127 1179 1167 adessent
1193 1128 1436 1168 moriturae.
1446 1128 1636 1180 Longam

445 1193 741 1245 captivitatem
771 1192 963 1245 queritur
993 1193 1157 1232 chorus.

496 1260 609 1298 Actu
640 1262 792 1310 quarto
823 1257 1025 1298 detractis
1054 1258 1224 1310 reginae
1254 1258 1490 1309 insignibus
1526 1271 1632 1298 com-

445 1323 620 1363 missam
667 1324 747 1364 sibi
792 1324 967 1363 caedem
1011 1323 1201 1363 declarat
1241 1323 1512 1363 Sarsbericus
1557 1336 1635 1375 per

442 1389 610 1429 litteras
642 1402 666 1428 a
688 1389 834 1428 Bealio
855 1389 976 1429 latas.
1031 1388 1207 1428 Stuarta
1233 1388 1446 1428 eiulantes
1471 1387 1638 1440 puellas

367 1469 399 1491 20
444 1453 718 1493 tolerantiam
747 1467 860 1493 nunc
890 1454 1015 1494 docet
1053 1457 1100 1493 ut
1130 1454 1265 1493 multa
1294 1452 1400 1492 alias
1428 1454 1640 1506 perpetua

445 1518 711 1570 undeviginti
748 1532 955 1559 annorum
991 1518 1212 1559 servitute.
1270 1518 1454 1558 Proinde
1490 1518 1638 1559 desine

443 1583 596 1627 mirari,
628 1584 808 1624 candide
838 1584 982 1633 lector,
1014 1584 1129 1637 quod
1156 1597 1230 1624 eas
1253 1584 1354 1623 finxi
1375 1582 1637 1623 scientiores.

444 1648 606 1689 Chorus
636 1649 689 1689 de
720 1663 947 1700 regnorum
976 1649 1271 1689 vicissitudine
1303 1652 1346 1688 et
1375 1647 1554 1688 ambitu.

483 1714 595 1753 Actu
625 1715 775 1765 quinto
810 1715 1029 1766 perficitur
1071 1714 1319 1754 mandatum
1352 1713 1627 1766 parricidium

365 1793 397 1815 :5
439 1778 562 1818 modo
592 1783 636 1819 et
671 1779 835 1828 ordine,
874 1793 1003 1831 quem
1033 1780 1239 1831 scriptum
1276 1779 1424 1818 datum
1452 1777 1635 1818 Londini

441 1845 502 1884 27.
534 1843 677 1883 Martii
708 1846 810 1885 1587
843 1845 1153 1897 complectitur.
