<?xml version="1.0" encoding="UTF-8"?>
<!DOCTYPE html PUBLIC "-//W3C//DTD XHTML 1.0 Transitional//EN"
    "http://www.w3.org/TR/xhtml1/DTD/xhtml1-transitional.dtd">
<html xmlns="http://www.w3.org/1999/xhtml" xml:lang="en" lang="en">
 <head>
  <title>
</title>
<meta http-equiv="Content-Type" content="text/html;charset=utf-8" />
  <meta name='ocr-system' content='tesseract 3.04.00' />
  <meta name='ocr-capabilities' content='ocr_page ocr_carea ocr_par ocr_line ocrx_word'/>
</head>
<body>
  <div class='ocr_page' id='page_1' title='image "./stvartatragoedia00rouluoft_0049.png"; bbox 0 0 1623 2655; ppageno 0'>
   <div class='ocr_carea' id='block_1_1' title="bbox 448 78 1415 118">
    <p class='ocr_par' dir='ltr' id='par_1_1' title="bbox 448 78 1415 118">
     <span class='ocr_line' id='line_1_1' title="bbox 448 78 1415 118; baseline -0.004 -12"><span class='ocrx_word' id='word_1_1' title='bbox 448 78 706 113; x_wconf 71' lang='lat' dir='ltr'>ROVLERIVS,</span> <span class='ocrx_word' id='word_1_2' title='bbox 729 78 936 105; x_wconf 74' lang='lat' dir='ltr'><strong>STVARTA.</strong></span> <span class='ocrx_word' id='word_1_3' title='bbox 977 78 1019 104; x_wconf 90' lang='lat' dir='ltr'>II.</span> <span class='ocrx_word' id='word_1_4' title='bbox 1359 79 1415 118; x_wconf 73' lang='lat'>23</span> 
     </span>
    </p>
   </div>
   <div class='ocr_carea' id='block_1_2' title="bbox 198 192 1122 244">
    <p class='ocr_par' dir='ltr' id='par_1_2' title="bbox 198 192 1122 244">
     <span class='ocr_line' id='line_1_2' title="bbox 198 192 1122 244; baseline -0.003 -10"><span class='ocrx_word' id='word_1_5' title='bbox 198 193 532 234; x_wconf 79' lang='lat' dir='ltr'>Subversionem</span> <span class='ocrx_word' id='word_1_6' title='bbox 563 192 636 244; x_wconf 88' lang='lat' dir='ltr'>qui</span> <span class='ocrx_word' id='word_1_7' title='bbox 666 192 954 244; x_wconf 75' lang='lat' dir='ltr'>procurabant</span> <span class='ocrx_word' id='word_1_8' title='bbox 982 204 1122 231; x_wconf 88' lang='lat' dir='ltr'>meam</span> 
     </span>
    </p>
   </div>
   <div class='ocr_carea' id='block_1_3' title="bbox 116 257 1190 310">
    <p class='ocr_par' dir='ltr' id='par_1_3' title="bbox 116 257 1190 310">
     <span class='ocr_line' id='line_1_3' title="bbox 116 257 1190 310; baseline -0.003 -10"><span class='ocrx_word' id='word_1_9' title='bbox 116 275 168 300; x_wconf 73' lang='lat'>375</span> <span class='ocrx_word' id='word_1_10' title='bbox 206 260 263 300; x_wconf 86' lang='lat' dir='ltr'>Et</span> <span class='ocrx_word' id='word_1_11' title='bbox 290 258 542 310; x_wconf 83' lang='lat' dir='ltr'>religionum</span> <span class='ocrx_word' id='word_1_12' title='bbox 573 260 617 297; x_wconf 86' lang='lat' dir='ltr'>et</span> <span class='ocrx_word' id='word_1_13' title='bbox 645 259 774 298; x_wconf 88' lang='lat' dir='ltr'>rebus</span> <span class='ocrx_word' id='word_1_14' title='bbox 804 257 1027 297; x_wconf 79' lang='lat' dir='ltr'>inhiabant</span> <span class='ocrx_word' id='word_1_15' title='bbox 1055 257 1190 297; x_wconf 85' lang='lat' dir='ltr'>novis.</span> 
     </span>
    </p>
   </div>
   <div class='ocr_carea' id='block_1_4' title="bbox 111 600 162 625">
    <p class='ocr_par' dir='ltr' id='par_1_4' title="bbox 111 600 162 625">
     <span class='ocr_line' id='line_1_4' title="bbox 111 600 162 625; baseline -0.02 0"><span class='ocrx_word' id='word_1_16' title='bbox 111 600 162 625; x_wconf 82' lang='lat'>380</span> 
     </span>
    </p>
   </div>
   <div class='ocr_carea' id='block_1_5' title="bbox 113 926 164 951">
    <p class='ocr_par' dir='ltr' id='par_1_5' title="bbox 113 926 164 951">
     <span class='ocr_line' id='line_1_5' title="bbox 113 926 164 951; baseline -0.02 0"><span class='ocrx_word' id='word_1_17' title='bbox 113 926 164 951; x_wconf 77' lang='lat'>385</span> 
     </span>
    </p>
   </div>
   <div class='ocr_carea' id='block_1_6' title="bbox 113 1252 164 1278">
    <p class='ocr_par' dir='ltr' id='par_1_6' title="bbox 113 1252 164 1278">
     <span class='ocr_line' id='line_1_6' title="bbox 113 1252 164 1278; baseline -0.039 0"><span class='ocrx_word' id='word_1_18' title='bbox 113 1252 164 1278; x_wconf 84' lang='lat'>390</span> 
     </span>
    </p>
   </div>
   <div class='ocr_carea' id='block_1_7' title="bbox 70 1579 164 1675">
    <p class='ocr_par' dir='ltr' id='par_1_7' title="bbox 70 1579 164 1675">
     <span class='ocr_line' id='line_1_7' title="bbox 111 1579 164 1604; baseline 0.019 -1"><span class='ocrx_word' id='word_1_19' title='bbox 111 1579 164 1604; x_wconf 84' lang='lat'>395</span> 
     </span>
     <span class='ocr_line' id='line_1_8' title="bbox 70 1642 162 1675; baseline 0.011 -7"><span class='ocrx_word' id='word_1_20' title='bbox 70 1642 162 1675; x_wconf 74' lang='lat' dir='ltr'>[Dia]</span> 
     </span>
    </p>
   </div>
   <div class='ocr_carea' id='block_1_8' title="bbox 111 1901 164 1926">
    <p class='ocr_par' dir='ltr' id='par_1_8' title="bbox 111 1901 164 1926">
     <span class='ocr_line' id='line_1_9' title="bbox 111 1901 164 1926; baseline -0.019 0"><span class='ocrx_word' id='word_1_21' title='bbox 111 1901 164 1926; x_wconf 80' lang='grc'>400</span> 
     </span>
    </p>
   </div>
   <div class='ocr_carea' id='block_1_9' title="bbox 110 2228 163 2254">
    <p class='ocr_par' dir='ltr' id='par_1_9' title="bbox 110 2228 163 2254">
     <span class='ocr_line' id='line_1_10' title="bbox 110 2228 163 2254; baseline 0.019 -1"><span class='ocrx_word' id='word_1_22' title='bbox 110 2228 163 2254; x_wconf 84' lang='grc'>405</span> 
     </span>
    </p>
   </div>
   <div class='ocr_carea' id='block_1_10' title="bbox 194 323 1413 2401">
    <p class='ocr_par' dir='ltr' id='par_1_10' title="bbox 194 323 1413 2401">
     <span class='ocr_line' id='line_1_11' title="bbox 201 323 1080 375; baseline -0.005 -9"><span class='ocrx_word' id='word_1_23' title='bbox 201 325 236 366; x_wconf 87' lang='grc' dir='ltr'>Ο</span> <span class='ocrx_word' id='word_1_24' title='bbox 264 324 489 364; x_wconf 86' lang='lat' dir='ltr'>lenitatem</span> <span class='ocrx_word' id='word_1_25' title='bbox 518 323 700 375; x_wconf 80' lang='lat' dir='ltr'>principi</span> <span class='ocrx_word' id='word_1_26' title='bbox 729 323 873 362; x_wconf 83' lang='lat' dir='ltr'>lentae</span> <span class='ocrx_word' id='word_1_27' title='bbox 905 323 1080 362; x_wconf 80' lang='lat' dir='ltr'>malam!</span> 
     </span>
     <span class='ocr_line' id='line_1_12' title="bbox 200 388 1178 441; baseline -0.003 -11"><span class='ocrx_word' id='word_1_28' title='bbox 200 390 422 430; x_wconf 84' lang='lat' dir='ltr'>Debebam</span> <span class='ocrx_word' id='word_1_29' title='bbox 453 388 604 429; x_wconf 88' lang='lat' dir='ltr'>eodem</span> <span class='ocrx_word' id='word_1_30' title='bbox 635 392 759 441; x_wconf 77' lang='lat' dir='ltr'>patre</span> <span class='ocrx_word' id='word_1_31' title='bbox 790 391 1056 440; x_wconf 83' lang='lat' dir='ltr'>prognatum,</span> <span class='ocrx_word' id='word_1_32' title='bbox 1088 388 1178 428; x_wconf 93' lang='lat' dir='ltr'>Deo</span> 
     </span>
     <span class='ocr_line' id='line_1_13' title="bbox 195 453 1413 506; baseline -0.002 -11"><span class='ocrx_word' id='word_1_33' title='bbox 195 454 428 495; x_wconf 75' lang='lat' dir='ltr'>Addictum</span> <span class='ocrx_word' id='word_1_34' title='bbox 466 460 510 494; x_wconf 85' lang='lat' dir='ltr'>et</span> <span class='ocrx_word' id='word_1_35' title='bbox 545 453 630 494; x_wconf 87' lang='lat' dir='ltr'>aris</span> <span class='ocrx_word' id='word_1_36' title='bbox 659 455 903 506; x_wconf 78' lang='lat' dir='ltr'>praesulem</span> <span class='ocrx_word' id='word_1_37' title='bbox 935 457 979 493; x_wconf 93' lang='lat' dir='ltr'>et</span> <span class='ocrx_word' id='word_1_38' title='bbox 1007 453 1205 494; x_wconf 79' lang='lat' dir='ltr'>claustris</span> <span class='ocrx_word' id='word_1_39' title='bbox 1242 465 1413 493; x_wconf 85' lang='lat' dir='ltr'>sacrum</span> 
     </span>
     <span class='ocr_line' id='line_1_14' title="bbox 194 519 1187 571; baseline -0.002 -11"><span class='ocrx_word' id='word_1_40' title='bbox 194 519 291 560; x_wconf 77' lang='lat' dir='ltr'>Non</span> <span class='ocrx_word' id='word_1_41' title='bbox 320 519 374 559; x_wconf 87' lang='lat' dir='ltr'>ad</span> <span class='ocrx_word' id='word_1_42' title='bbox 402 519 579 570; x_wconf 86' lang='lat' dir='ltr'>regendi</span> <span class='ocrx_word' id='word_1_43' title='bbox 610 520 780 558; x_wconf 86' lang='lat' dir='ltr'>culmen</span> <span class='ocrx_word' id='word_1_44' title='bbox 810 519 979 571; x_wconf 87' lang='lat' dir='ltr'>imperii</span> <span class='ocrx_word' id='word_1_45' title='bbox 1008 519 1187 558; x_wconf 84' lang='lat' dir='ltr'>nothum</span> 
     </span>
     <span class='ocr_line' id='line_1_15' title="bbox 200 584 1317 633; baseline -0.002 -8"><span class='ocrx_word' id='word_1_46' title='bbox 200 585 393 625; x_wconf 88' lang='lat' dir='ltr'>Evehere</span> <span class='ocrx_word' id='word_1_47' title='bbox 424 597 604 633; x_wconf 85' lang='lat' dir='ltr'>mecum,</span> <span class='ocrx_word' id='word_1_48' title='bbox 636 584 724 625; x_wconf 77' lang='lat' dir='ltr'>sed.</span> <span class='ocrx_word' id='word_1_49' title='bbox 756 584 883 624; x_wconf 88' lang='lat' dir='ltr'>modo</span> <span class='ocrx_word' id='word_1_50' title='bbox 913 584 1140 624; x_wconf 86' lang='lat' dir='ltr'>incolumis</span> <span class='ocrx_word' id='word_1_51' title='bbox 1170 584 1317 633; x_wconf 72' lang='lat' dir='ltr'>forem,</span> 
     </span>
     <span class='ocr_line' id='line_1_16' title="bbox 196 649 1170 699; baseline -0.003 -8"><span class='ocrx_word' id='word_1_52' title='bbox 196 651 268 691; x_wconf 81' lang='lat' dir='ltr'>Sic</span> <span class='ocrx_word' id='word_1_53' title='bbox 295 650 533 690; x_wconf 86' lang='lat' dir='ltr'>continere:</span> <span class='ocrx_word' id='word_1_54' title='bbox 564 663 649 689; x_wconf 91' lang='grc'>11011</span> <span class='ocrx_word' id='word_1_55' title='bbox 679 652 744 689; x_wconf 86' lang='lat' dir='ltr'>tot</span> <span class='ocrx_word' id='word_1_56' title='bbox 772 650 1014 690; x_wconf 79' lang='lat' dir='ltr'>hausissem</span> <span class='ocrx_word' id='word_1_57' title='bbox 1044 649 1170 699; x_wconf 77' lang='lat' dir='ltr'>vices,</span> 
     </span>
     <span class='ocr_line' id='line_1_17' title="bbox 197 714 1185 767; baseline -0.002 -11"><span class='ocrx_word' id='word_1_58' title='bbox 197 716 303 756; x_wconf 88' lang='lat' dir='ltr'>Tam</span> <span class='ocrx_word' id='word_1_59' title='bbox 331 728 462 767; x_wconf 84' lang='lat' dir='ltr'>saepe</span> <span class='ocrx_word' id='word_1_60' title='bbox 491 715 600 754; x_wconf 84' lang='lat' dir='ltr'>falso</span> <span class='ocrx_word' id='word_1_61' title='bbox 629 714 798 767; x_wconf 76' lang='lat' dir='ltr'>prodita</span> <span class='ocrx_word' id='word_1_62' title='bbox 829 715 984 754; x_wconf 90' lang='lat' dir='ltr'>indicio</span> <span class='ocrx_word' id='word_1_63' title='bbox 1014 728 1185 763; x_wconf 73' lang='lat' dir='ltr'>nocens,</span> 
     </span>
     <span class='ocr_line' id='line_1_18' title="bbox 195 780 1275 833; baseline -0.001 -12"><span class='ocrx_word' id='word_1_64' title='bbox 195 782 300 821; x_wconf 87' lang='lat' dir='ltr'>Tam</span> <span class='ocrx_word' id='word_1_65' title='bbox 330 794 459 833; x_wconf 80' lang='lat' dir='ltr'>saepe</span> <span class='ocrx_word' id='word_1_66' title='bbox 491 780 654 829; x_wconf 81' lang='lat' dir='ltr'>adacta,</span> <span class='ocrx_word' id='word_1_67' title='bbox 686 793 770 832; x_wconf 80' lang='lat' dir='ltr'>quo</span> <span class='ocrx_word' id='word_1_68' title='bbox 800 780 932 819; x_wconf 87' lang='lat' dir='ltr'>trucis</span> <span class='ocrx_word' id='word_1_69' title='bbox 962 780 1129 832; x_wconf 76' lang='lat' dir='ltr'>pepulit</span> <span class='ocrx_word' id='word_1_70' title='bbox 1158 781 1275 820; x_wconf 83' lang='lat' dir='ltr'>ferus</span> 
     </span>
     <span class='ocr_line' id='line_1_19' title="bbox 196 845 1351 899; baseline -0.001 -13"><span class='ocrx_word' id='word_1_71' title='bbox 196 846 350 899; x_wconf 88' lang='lat' dir='ltr'>Populi</span> <span class='ocrx_word' id='word_1_72' title='bbox 378 846 494 885; x_wconf 89' lang='lat' dir='ltr'>furor</span> <span class='ocrx_word' id='word_1_73' title='bbox 521 858 830 898; x_wconf 75' lang='lat' dir='ltr'>procerumque</span> <span class='ocrx_word' id='word_1_74' title='bbox 862 848 906 885; x_wconf 90' lang='lat' dir='ltr'>et</span> <span class='ocrx_word' id='word_1_75' title='bbox 936 849 974 895; x_wconf 75' lang='lat' dir='ltr'>(o</span> <span class='ocrx_word' id='word_1_76' title='bbox 1003 845 1115 895; x_wconf 77' lang='lat' dir='ltr'>audi,</span> <span class='ocrx_word' id='word_1_77' title='bbox 1147 846 1351 885; x_wconf 82' lang='lat' dir='ltr'>exsulans</span> 
     </span>
     <span class='ocr_line' id='line_1_20' title="bbox 205 911 1067 961; baseline 0 -10"><span class='ocrx_word' id='word_1_78' title='bbox 205 911 390 961; x_wconf 85' lang='lat' dir='ltr'>Iustitia)</span> <span class='ocrx_word' id='word_1_79' title='bbox 420 911 554 951; x_wconf 83' lang='lat' dir='ltr'>falsae</span> <span class='ocrx_word' id='word_1_80' title='bbox 584 911 683 950; x_wconf 81' lang='lat' dir='ltr'>ficta</span> <span class='ocrx_word' id='word_1_81' title='bbox 713 914 918 961; x_wconf 78' lang='lat' dir='ltr'>cognatae</span> <span class='ocrx_word' id='word_1_82' title='bbox 950 911 1067 951; x_wconf 88' lang='lat' dir='ltr'>fides.</span> 
     </span>
     <span class='ocr_line' id='line_1_21' title="bbox 202 976 1244 1028; baseline 0 -12"><span class='ocrx_word' id='word_1_83' title='bbox 202 976 313 1016; x_wconf 74' lang='lat' dir='ltr'>Nam</span> <span class='ocrx_word' id='word_1_84' title='bbox 341 977 378 1016; x_wconf 88' lang='lat' dir='ltr'>si</span> <span class='ocrx_word' id='word_1_85' title='bbox 406 977 557 1027; x_wconf 87' lang='lat' dir='ltr'>loquor</span> <span class='ocrx_word' id='word_1_86' title='bbox 585 977 818 1027; x_wconf 82' lang='lat' dir='ltr'>praeterita</span> <span class='ocrx_word' id='word_1_87' title='bbox 847 989 925 1015; x_wconf 89' lang='grc'>1100</span> <span class='ocrx_word' id='word_1_88' title='bbox 955 977 1099 1028; x_wconf 81' lang='lat' dir='ltr'>potius</span> <span class='ocrx_word' id='word_1_89' title='bbox 1128 976 1244 1017; x_wconf 86' lang='lat' dir='ltr'>subit</span> 
     </span>
     <span class='ocr_line' id='line_1_22' title="bbox 202 1041 1290 1083; baseline -0.001 -1"><span class='ocrx_word' id='word_1_90' title='bbox 202 1042 413 1082; x_wconf 83' lang='lat' dir='ltr'>Praesens</span> <span class='ocrx_word' id='word_1_91' title='bbox 442 1041 691 1081; x_wconf 78' lang='lat' dir='ltr'>memoriam</span> <span class='ocrx_word' id='word_1_92' title='bbox 722 1054 846 1081; x_wconf 87' lang='lat' dir='ltr'>casus</span> <span class='ocrx_word' id='word_1_93' title='bbox 876 1045 921 1081; x_wconf 83' lang='lat' dir='ltr'>et</span> <span class='ocrx_word' id='word_1_94' title='bbox 948 1042 1090 1081; x_wconf 82' lang='lat' dir='ltr'>luctus</span> <span class='ocrx_word' id='word_1_95' title='bbox 1119 1055 1290 1083; x_wconf 86' lang='lat' dir='ltr'>recens:</span> 
     </span>
     <span class='ocr_line' id='line_1_23' title="bbox 202 1106 1141 1159; baseline 0.001 -13"><span class='ocrx_word' id='word_1_96' title='bbox 202 1107 418 1159; x_wconf 87' lang='lat' dir='ltr'>Vigesimo</span> <span class='ocrx_word' id='word_1_97' title='bbox 447 1119 561 1146; x_wconf 91' lang='lat' dir='ltr'>nunc</span> <span class='ocrx_word' id='word_1_98' title='bbox 590 1107 691 1146; x_wconf 88' lang='lat' dir='ltr'>orbe</span> <span class='ocrx_word' id='word_1_99' title='bbox 722 1106 977 1157; x_wconf 88' lang='lat' dir='ltr'>signiferum</span> <span class='ocrx_word' id='word_1_100' title='bbox 1008 1121 1141 1159; x_wconf 83' lang='lat' dir='ltr'>vagus</span> 
     </span>
     <span class='ocr_line' id='line_1_24' title="bbox 202 1172 1208 1224; baseline 0 -12"><span class='ocrx_word' id='word_1_101' title='bbox 202 1172 275 1212; x_wconf 86' lang='lat' dir='ltr'>Sol</span> <span class='ocrx_word' id='word_1_102' title='bbox 302 1172 554 1224; x_wconf 86' lang='lat' dir='ltr'>permeabit,</span> <span class='ocrx_word' id='word_1_103' title='bbox 585 1185 681 1211; x_wconf 86' lang='lat' dir='ltr'>cum</span> <span class='ocrx_word' id='word_1_104' title='bbox 712 1185 809 1212; x_wconf 85' lang='lat' dir='ltr'>mea</span> <span class='ocrx_word' id='word_1_105' title='bbox 840 1185 1048 1213; x_wconf 80' lang='lat' dir='ltr'>excussae</span> <span class='ocrx_word' id='word_1_106' title='bbox 1080 1186 1208 1213; x_wconf 90' lang='lat' dir='ltr'>manu</span> 
     </span>
     <span class='ocr_line' id='line_1_25' title="bbox 200 1237 1253 1290; baseline 0 -12"><span class='ocrx_word' id='word_1_107' title='bbox 200 1238 385 1278; x_wconf 78' lang='lat' dir='ltr'>Fluxere</span> <span class='ocrx_word' id='word_1_108' title='bbox 414 1237 607 1277; x_wconf 81' lang='lat' dir='ltr'>habenae</span> <span class='ocrx_word' id='word_1_109' title='bbox 638 1250 782 1277; x_wconf 86' lang='lat' dir='ltr'>rerum</span> <span class='ocrx_word' id='word_1_110' title='bbox 813 1241 857 1277; x_wconf 93' lang='lat' dir='ltr'>et</span> <span class='ocrx_word' id='word_1_111' title='bbox 887 1238 1033 1290; x_wconf 86' lang='lat' dir='ltr'>elapsa</span> <span class='ocrx_word' id='word_1_112' title='bbox 1062 1238 1253 1278; x_wconf 90' lang='lat' dir='ltr'>omnium</span> 
     </span>
     <span class='ocr_line' id='line_1_26' title="bbox 200 1302 1227 1354; baseline 0.001 -12"><span class='ocrx_word' id='word_1_113' title='bbox 200 1302 345 1343; x_wconf 86' lang='lat' dir='ltr'>Media</span> <span class='ocrx_word' id='word_1_114' title='bbox 374 1316 565 1342; x_wconf 90' lang='lat' dir='ltr'>meorum</span> <span class='ocrx_word' id='word_1_115' title='bbox 594 1306 735 1354; x_wconf 82' lang='lat' dir='ltr'>strage</span> <span class='ocrx_word' id='word_1_116' title='bbox 767 1303 811 1342; x_wconf 86' lang='lat' dir='ltr'>in</span> <span class='ocrx_word' id='word_1_117' title='bbox 839 1303 1077 1354; x_wconf 83' lang='lat' dir='ltr'>Anglorum</span> <span class='ocrx_word' id='word_1_118' title='bbox 1107 1305 1227 1344; x_wconf 90' lang='lat' dir='ltr'>sinus</span> 
     </span>
     <span class='ocr_line' id='line_1_27' title="bbox 202 1367 1126 1420; baseline 0.001 -12"><span class='ocrx_word' id='word_1_119' title='bbox 202 1368 391 1408; x_wconf 89' lang='lat' dir='ltr'>Demens</span> <span class='ocrx_word' id='word_1_120' title='bbox 419 1367 585 1420; x_wconf 84' lang='lat' dir='ltr'>profugi</span> <span class='ocrx_word' id='word_1_121' title='bbox 617 1381 771 1420; x_wconf 83' lang='lat' dir='ltr'>meque</span> <span class='ocrx_word' id='word_1_122' title='bbox 802 1368 984 1420; x_wconf 87' lang='lat' dir='ltr'>periuris</span> <span class='ocrx_word' id='word_1_123' title='bbox 1014 1369 1126 1409; x_wconf 85' lang='lat' dir='ltr'>dedi.</span> 
     </span>
     <span class='ocr_line' id='line_1_28' title="bbox 203 1433 1186 1484; baseline 0.001 -11"><span class='ocrx_word' id='word_1_124' title='bbox 203 1433 438 1484; x_wconf 80' lang='lat' dir='ltr'>Postquam</span> <span class='ocrx_word' id='word_1_125' title='bbox 468 1446 660 1473; x_wconf 86' lang='lat' dir='ltr'>meorum</span> <span class='ocrx_word' id='word_1_126' title='bbox 682 1447 765 1473; x_wconf 90' lang='lat' dir='ltr'>non</span> <span class='ocrx_word' id='word_1_127' title='bbox 788 1434 877 1473; x_wconf 85' lang='lat' dir='ltr'>fero</span> <span class='ocrx_word' id='word_1_128' title='bbox 907 1434 1074 1484; x_wconf 72' lang='lat' dir='ltr'>caedes,</span> <span class='ocrx_word' id='word_1_129' title='bbox 1105 1435 1186 1484; x_wconf 87' lang='lat' dir='ltr'>abi,</span> 
     </span>
     <span class='ocr_line' id='line_1_29' title="bbox 203 1498 1241 1551; baseline 0.002 -13"><span class='ocrx_word' id='word_1_130' title='bbox 203 1499 308 1538; x_wconf 85' lang='lat' dir='ltr'>Post</span> <span class='ocrx_word' id='word_1_131' title='bbox 337 1511 530 1538; x_wconf 83' lang='lat' dir='ltr'>carceres</span> <span class='ocrx_word' id='word_1_132' title='bbox 560 1501 603 1538; x_wconf 86' lang='lat' dir='ltr'>et</span> <span class='ocrx_word' id='word_1_133' title='bbox 632 1498 784 1548; x_wconf 87' lang='lat' dir='ltr'>vincla,</span> <span class='ocrx_word' id='word_1_134' title='bbox 815 1502 914 1551; x_wconf 89' lang='lat' dir='ltr'>post</span> <span class='ocrx_word' id='word_1_135' title='bbox 944 1513 1068 1539; x_wconf 83' lang='lat' dir='ltr'>veros</span> <span class='ocrx_word' id='word_1_136' title='bbox 1098 1502 1241 1540; x_wconf 90' lang='lat' dir='ltr'>metus</span> 
     </span>
     <span class='ocr_line' id='line_1_30' title="bbox 201 1564 1133 1616; baseline 0.001 -12"><span class='ocrx_word' id='word_1_137' title='bbox 201 1564 256 1604; x_wconf 90' lang='lat' dir='ltr'>Et</span> <span class='ocrx_word' id='word_1_138' title='bbox 285 1564 410 1610; x_wconf 85' lang='lat' dir='ltr'>bella,</span> <span class='ocrx_word' id='word_1_139' title='bbox 440 1564 596 1616; x_wconf 88' lang='lat' dir='ltr'>superi,</span> <span class='ocrx_word' id='word_1_140' title='bbox 628 1567 800 1615; x_wconf 78' lang='lat' dir='ltr'>quanta,</span> <span class='ocrx_word' id='word_1_141' title='bbox 832 1578 963 1616; x_wconf 85' lang='lat' dir='ltr'>quam</span> <span class='ocrx_word' id='word_1_142' title='bbox 992 1565 1133 1605; x_wconf 85' lang='lat' dir='ltr'>civilia</span> 
     </span>
     <span class='ocr_line' id='line_1_31' title="bbox 201 1629 1204 1682; baseline 0.001 -13"><span class='ocrx_word' id='word_1_143' title='bbox 201 1629 297 1670; x_wconf 90' lang='lat' dir='ltr'>Non</span> <span class='ocrx_word' id='word_1_144' title='bbox 326 1630 420 1682; x_wconf 85' lang='lat' dir='ltr'>ipsa</span> <span class='ocrx_word' id='word_1_145' title='bbox 446 1629 593 1681; x_wconf 87' lang='lat' dir='ltr'>generi</span> <span class='ocrx_word' id='word_1_146' title='bbox 622 1629 761 1670; x_wconf 85' lang='lat' dir='ltr'>Roma</span> <span class='ocrx_word' id='word_1_147' title='bbox 788 1643 885 1669; x_wconf 88' lang='lat' dir='ltr'>cum</span> <span class='ocrx_word' id='word_1_148' title='bbox 915 1643 1062 1670; x_wconf 87' lang='lat' dir='ltr'>socero</span> <span class='ocrx_word' id='word_1_149' title='bbox 1092 1631 1204 1670; x_wconf 86' lang='lat' dir='ltr'>tulit.</span> 
     </span>
     <span class='ocr_line' id='line_1_32' title="bbox 252 1694 1187 1747; baseline 0.001 -13"><span class='ocrx_word' id='word_1_150' title='bbox 252 1694 506 1734; x_wconf 81' lang='lat' dir='ltr'>Hereditate</span> <span class='ocrx_word' id='word_1_151' title='bbox 536 1695 716 1747; x_wconf 82' lang='lat' dir='ltr'>profuga</span> <span class='ocrx_word' id='word_1_152' title='bbox 745 1695 846 1747; x_wconf 84' lang='lat' dir='ltr'>quid</span> <span class='ocrx_word' id='word_1_153' title='bbox 876 1696 1074 1746; x_wconf 84' lang='lat' dir='ltr'>facerem,</span> <span class='ocrx_word' id='word_1_154' title='bbox 1105 1696 1187 1736; x_wconf 89' lang='lat' dir='ltr'>nisi</span> 
     </span>
     <span class='ocr_line' id='line_1_33' title="bbox 200 1760 1205 1813; baseline 0 -12"><span class='ocrx_word' id='word_1_155' title='bbox 200 1760 349 1801; x_wconf 84' lang='lat' dir='ltr'>Isthuc</span> <span class='ocrx_word' id='word_1_156' title='bbox 377 1760 546 1813; x_wconf 87' lang='lat' dir='ltr'>asylum</span> <span class='ocrx_word' id='word_1_157' title='bbox 575 1763 860 1812; x_wconf 73' lang='lat' dir='ltr'>quaererem?</span> <span class='ocrx_word' id='word_1_158' title='bbox 917 1761 1004 1801; x_wconf 85' lang='lat' dir='ltr'>Sed</span> <span class='ocrx_word' id='word_1_159' title='bbox 1034 1775 1102 1801; x_wconf 88' lang='lat' dir='ltr'>me</span> <span class='ocrx_word' id='word_1_160' title='bbox 1133 1761 1205 1801; x_wconf 89' lang='lat' dir='ltr'>diu</span> 
     </span>
     <span class='ocr_line' id='line_1_34' title="bbox 201 1824 1234 1878; baseline 0.002 -14"><span class='ocrx_word' id='word_1_161' title='bbox 201 1824 393 1865; x_wconf 83' lang='lat' dir='ltr'>Genibus</span> <span class='ocrx_word' id='word_1_162' title='bbox 422 1826 680 1878; x_wconf 84' lang='lat' dir='ltr'>prehensam</span> <span class='ocrx_word' id='word_1_163' title='bbox 709 1827 935 1878; x_wconf 78' lang='lat' dir='ltr'>amplexus</span> <span class='ocrx_word' id='word_1_164' title='bbox 965 1827 1096 1866; x_wconf 90' lang='lat' dir='ltr'>infido</span> <span class='ocrx_word' id='word_1_165' title='bbox 1126 1826 1234 1866; x_wconf 88' lang='lat' dir='ltr'>mari</span> 
     </span>
     <span class='ocr_line' id='line_1_35' title="bbox 202 1889 1156 1943; baseline 0.003 -14"><span class='ocrx_word' id='word_1_166' title='bbox 202 1889 322 1929; x_wconf 89' lang='lat' dir='ltr'>Tunc</span> <span class='ocrx_word' id='word_1_167' title='bbox 351 1891 566 1931; x_wconf 88' lang='lat' dir='ltr'>abstinere</span> <span class='ocrx_word' id='word_1_168' title='bbox 597 1891 797 1943; x_wconf 87' lang='lat' dir='ltr'>precibus</span> <span class='ocrx_word' id='word_1_169' title='bbox 826 1893 1007 1943; x_wconf 83' lang='lat' dir='ltr'>urgebat</span> <span class='ocrx_word' id='word_1_170' title='bbox 1037 1905 1156 1932; x_wconf 88' lang='lat' dir='ltr'>sacer</span> 
     </span>
     <span class='ocr_line' id='line_1_36' title="bbox 201 1954 1127 2010; baseline 0.003 -16"><span class='ocrx_word' id='word_1_171' title='bbox 201 1954 321 1995; x_wconf 87' lang='lat' dir='ltr'>Divis</span> <span class='ocrx_word' id='word_1_172' title='bbox 351 1957 395 1994; x_wconf 87' lang='lat' dir='ltr'>et</span> <span class='ocrx_word' id='word_1_173' title='bbox 423 1956 509 1995; x_wconf 83' lang='lat' dir='ltr'>alto</span> <span class='ocrx_word' id='word_1_174' title='bbox 538 1956 756 2008; x_wconf 88' lang='lat' dir='ltr'>proprium</span> <span class='ocrx_word' id='word_1_175' title='bbox 787 1957 957 1997; x_wconf 87' lang='lat' dir='ltr'>Christo</span> <span class='ocrx_word' id='word_1_176' title='bbox 987 1960 1127 2010; x_wconf 84' lang='lat' dir='ltr'>caput⁷</span> 
     </span>
     <span class='ocr_line' id='line_1_37' title="bbox 202 2019 1301 2069; baseline 0.004 -10"><span class='ocrx_word' id='word_1_177' title='bbox 202 2019 285 2069; x_wconf 70' lang='lat' dir='ltr'>Qui</span> <span class='ocrx_word' id='word_1_178' title='bbox 314 2020 470 2061; x_wconf 84' lang='lat' dir='ltr'>deinde</span> <span class='ocrx_word' id='word_1_179' title='bbox 501 2021 638 2061; x_wconf 82' lang='lat' dir='ltr'>tuitus</span> <span class='ocrx_word' id='word_1_180' title='bbox 668 2034 840 2061; x_wconf 86' lang='lat' dir='ltr'>causam</span> <span class='ocrx_word' id='word_1_181' title='bbox 870 2022 1117 2063; x_wconf 86' lang='lat' dir='ltr'>Amiltonus</span> <span class='ocrx_word' id='word_1_182' title='bbox 1146 2037 1301 2064; x_wconf 87' lang='lat' dir='ltr'>meam.</span> 
     </span>
     <span class='ocr_line' id='line_1_38' title="bbox 201 2085 1053 2136; baseline 0.004 -11"><span class='ocrx_word' id='word_1_183' title='bbox 201 2086 261 2125; x_wconf 88' lang='lat' dir='ltr'>At</span> <span class='ocrx_word' id='word_1_184' title='bbox 288 2085 495 2126; x_wconf 86' lang='lat' dir='ltr'>incitabat</span> <span class='ocrx_word' id='word_1_185' title='bbox 522 2085 687 2136; x_wconf 84' lang='lat' dir='ltr'>foedus,</span> <span class='ocrx_word' id='word_1_186' title='bbox 717 2087 905 2128; x_wconf 85' lang='lat' dir='ltr'>invitans</span> <span class='ocrx_word' id='word_1_187' title='bbox 935 2101 1053 2128; x_wconf 87' lang='lat' dir='ltr'>soror</span> 
     </span>
     <span class='ocr_line' id='line_1_39' title="bbox 201 2150 1118 2204; baseline 0.003 -14"><span class='ocrx_word' id='word_1_188' title='bbox 201 2150 258 2190; x_wconf 86' lang='lat' dir='ltr'>Et</span> <span class='ocrx_word' id='word_1_189' title='bbox 287 2150 441 2203; x_wconf 85' lang='lat' dir='ltr'>pignus</span> <span class='ocrx_word' id='word_1_190' title='bbox 470 2154 569 2190; x_wconf 85' lang='lat' dir='ltr'>ante</span> <span class='ocrx_word' id='word_1_191' title='bbox 599 2154 808 2202; x_wconf 72' lang='lat' dir='ltr'>mutuum,</span> <span class='ocrx_word' id='word_1_192' title='bbox 840 2153 954 2204; x_wconf 85' lang='lat' dir='ltr'>quod</span> <span class='ocrx_word' id='word_1_193' title='bbox 983 2153 1118 2193; x_wconf 79' lang='lat' dir='ltr'>littori</span> 
     </span>
     <span class='ocr_line' id='line_1_40' title="bbox 202 2212 1164 2271; baseline 0.003 -15"><span class='ocrx_word' id='word_1_194' title='bbox 202 2216 398 2268; x_wconf 85' lang='lat' dir='ltr'>Appulsa</span> <span class='ocrx_word' id='word_1_195' title='bbox 426 2216 540 2257; x_wconf 87' lang='lat' dir='ltr'>socio</span> <span class='ocrx_word' id='word_1_196' title='bbox 569 2212 735 2256; x_wconf 87' lang='lat' dir='ltr'>reddidi</span> <span class='ocrx_word' id='word_1_197' title='bbox 764 2218 970 2258; x_wconf 78' lang='lat' dir='ltr'>auxilium</span> <span class='ocrx_word' id='word_1_198' title='bbox 998 2232 1164 2271; x_wconf 80' lang='lat' dir='ltr'>rogans,</span> 
     </span>
     <span class='ocr_line' id='line_1_41' title="bbox 199 2280 1180 2335; baseline 0.003 -15"><span class='ocrx_word' id='word_1_199' title='bbox 199 2280 327 2321; x_wconf 84' lang='lat' dir='ltr'>Foret</span> <span class='ocrx_word' id='word_1_200' title='bbox 356 2285 404 2321; x_wconf 88' lang='lat' dir='ltr'>ut</span> <span class='ocrx_word' id='word_1_201' title='bbox 433 2281 606 2333; x_wconf 85' lang='lat' dir='ltr'>quietus</span> <span class='ocrx_word' id='word_1_202' title='bbox 636 2282 790 2335; x_wconf 84' lang='lat' dir='ltr'>aliquis</span> <span class='ocrx_word' id='word_1_203' title='bbox 819 2284 862 2323; x_wconf 89' lang='lat' dir='ltr'>in</span> <span class='ocrx_word' id='word_1_204' title='bbox 891 2297 1021 2335; x_wconf 88' lang='lat' dir='ltr'>regno</span> <span class='ocrx_word' id='word_1_205' title='bbox 1050 2284 1180 2325; x_wconf 88' lang='lat' dir='ltr'>locus.</span> 
     </span>
     <span class='ocr_line' id='line_1_42' title="bbox 200 2345 1318 2401; baseline 0.004 -16"><span class='ocrx_word' id='word_1_206' title='bbox 200 2345 338 2386; x_wconf 86' lang='lat' dir='ltr'>Multo</span> <span class='ocrx_word' id='word_1_207' title='bbox 367 2347 473 2398; x_wconf 85' lang='lat' dir='ltr'>ipsa,</span> <span class='ocrx_word' id='word_1_208' title='bbox 503 2346 639 2387; x_wconf 81' lang='lat' dir='ltr'>multo</span> <span class='ocrx_word' id='word_1_209' title='bbox 667 2348 779 2388; x_wconf 82' lang='lat' dir='ltr'>flexa</span> <span class='ocrx_word' id='word_1_210' title='bbox 809 2362 938 2401; x_wconf 83' lang='lat' dir='ltr'>quam</span> <span class='ocrx_word' id='word_1_211' title='bbox 968 2349 1131 2401; x_wconf 84' lang='lat' dir='ltr'>scopuli</span> <span class='ocrx_word' id='word_1_212' title='bbox 1162 2349 1318 2399; x_wconf 87' lang='lat' dir='ltr'>minus,</span> 
     </span>
    </p>
   </div>
  </div>
 </body>
</html>
