1623 2655
256 664 307 688 560

255 1090 305 1114 565

253 1407 304 1432 570

213 1840 306 1873 [D4b]

245 2166 303 2191 680

599 146 856 173 ROVLI-tfflvs.
880 146 1086 174 STVARTA.
1128 148 1168 174 ΙΙ.

791 260 976 300 Amias.

341 331 398 371 Es
428 331 635 382 Anglicae
666 330 832 383 privata
863 331 1035 382 reginae
1067 331 1213 372 cliens.

768 418 992 460 Stuarta.

342 491 439 540 Qua
468 491 561 542 lege
592 489 767 529 tandem
797 490 957 529 subdor
985 491 1221 543 Anglorum
1252 492 1378 532 duci?

786 577 972 618 Amias.

347 650 547 702 Suscepit
576 650 629 689 ad
659 663 705 689 se
734 652 866 701 teque
895 651 1087 702 protexit
1115 664 1248 692 suam.

770 738 992 779 Stuarta.

345 810 573 850 Protexitz'
631 809 665 849 O
695 810 762 850 ius
791 810 1005 861 gentium!
1063 810 1214 850 Nonne
1244 811 1380 852 audiit

344 876 490 927 Atque
520 875 726 924 incitavit,
759 875 832 927 qui
862 875 986 915 malis
1016 878 1164 914 contra
1192 876 1320 916 fidem

345 940 533 980 Onerare
564 940 684 980 falsis
713 940 950 992 principem
979 940 1208 991 audebant,
1238 943 1388 982 meos?

345 1005 450 1054 Quis
478 1008 567 1044 tam
596 1005 746 1052 ferum,
777 1008 865 1044 tam
896 1004 1018 1045 triste
1048 1006 1293 1057 praeteritis
1322 1007 1443 1047 nefas

346 1071 561 1123 Expertus
591 1071 745 1110 annis?
803 1069 914 1119 Quid
943 1071 1061 1123 prius
1091 1073 1276 1122 querar?
1332 1071 1481 1123 Tuam,

344 1136 494 1175 Scotas
524 1135 683 1175 tenello
713 1136 814 1176 flore
846 1136 918 1188 qui
946 1139 1099 1187 gentes
1128 1136 1252 1187 regis,

344 1200 496 1240 Iacobe
528 1200 585 1240 fili
597 1202 617 1239 ·?
664 1200 743 1240 Vel
772 1201 992 1252 genitricis
1021 1201 1191 1241 vicem?

344 1265 576 1317 Vtriusque
606 1265 776 1318 pariter,
807 1269 999 1306 att-amen
1028 1267 1171 1318 potius
1201 1279 1360 1307 meam:

345 1330 475 1370 Cuius
505 1332 689 1383 superba
718 1332 881 1383 sprevit
912 1331 1055 1371 herois
1086 1344 1246 1383 preces,

343 1395 397 1435 Et
426 1396 513 1436 fors
543 1400 762 1447 parentem
795 1399 996 1449 properat
1026 1396 1211 1448 indignis
1239 1396 1319 1437 tibi

341 1461 523 1500 Auferre
554 1461 664 1501 fatis.
722 1461 908 1501 Caelites
938 1461 1091 1501 fallant
1119 1465 1294 1501 metum.

575 1562 780 1602 Chorus
812 1562 1176 1614 Captivorum.

341 1632 471 1682 Gens,
503 1645 612 1683 quae
642 1632 750 1672 ritus
780 1633 912 1672 coluit
941 1633 1116 1684 priscos,

344 1697 435 1747 Qua
465 1697 660 1737 Iordanis
689 1697 848 1738 labitur
877 1697 1002 1746 unda⁷

343 1762 564 1802 Pecudum
593 1763 709 1803 fibris
739 1766 783 1803 et-
811 1765 905 1802 ture
935 1762 1064 1802 litans

347 1827 402 1867 Et
431 1840 541 1879 quae
571 1828 711 1867 cultus
740 1828 939 1880 amplexa
967 1827 1046 1867 Dei

342 1892 442 1932 Rite
472 1895 652 1932 novatos
682 1896 727 1932 et
755 1893 955 1933 meliores

342 1957 454 2008 Lege
484 1958 625 2010 priori,
657 1958 693 1998 si
723 1958 895 2011 quando
925 1970 1027 1998 suae

341 2021 579 2073 Religionis
608 2024 787 2076 tempsit
814 2023 1019 2063 honorem

343 2087 421 2127 Vel
449 2087 653 2128 falsorum
683 2088 911 2129 simulacra
941 2089 1070 2128 deun]

342 2151 422 2191 Vel
450 2152 578 2204 plena
607 2153 704 2193 dolo
733 2154 841 2194 scita
869 2166 1076 2193 novorum

341 2217 515 2257 Sectata
543 2218 702 2258 virum:
735 2222 931 2270 quantos,
963 2219 1085 2268 eheu,

342 2282 540 2334 Quotque
570 2282 738 2323 labores
768 2283 997 2336 cladesque
1027 2283 1143 2323 tulit!

341 2347 450 2387 Nam
480 2347 605 2387 modo
635 2361 807 2400 pugnax
836 2349 1002 2388 nullum
1032 2361 1057 2388 a
1085 2351 1204 2399 tergo

341 2411 461 2453 Tunc
489 2413 722 2465 respiciens
752 2412 897 2453 Sisara
925 2413 1092 2453 clavum
