1623 2655
210 69 265 109 64

253 580 321 605 1520

256 906 323 930 1525

250 968 323 1000 -J3bJ

262 1666 329 1691 1535

263 1993 330 2018 1540

608 64 1159 98 ROVLERle,sTVARTA.V.

358 181 540 220 Sanctas
568 179 762 231 pudicae,
794 191 966 230 quaeso,
996 179 1212 231 reliquias,
1243 181 1306 220 uti

356 245 445 285 Nos
475 257 696 294 exuamus,
726 244 863 296 spolia
891 244 1121 284 reddamus
1152 244 1240 285 tibi.

791 334 986 374 Amias.

358 404 496 451 Exite,
529 404 642 456 quod
672 418 750 445 nos
778 406 955 456 agimus,
986 405 1251 447 adhibendas
1281 411 1420 460 negat.

688 494 877 534 Puella
907 495 1091 546 prima.

361 565 395 605 O
427 565 608 605 Cerbere
639 566 866 618 implacate
898 569 941 605 et
969 566 1166 605 immanis
1196 566 1374 617 Charon,

356 630 436 669 Vel
464 630 508 670 in
538 631 720 671 cadaver
748 631 944 671 saevies?
973 631 1174 671 Nondum
1205 635 1324 672 satur

358 696 436 735 Est
463 696 589 748 longa
617 696 790 737 rabies?
819 697 1000 737 Praeses
1030 710 1053 736 o
1084 701 1274 737 maestae
1304 697 1468 749 domus,

362 761 460 811 Vae,
490 775 569 802 vae
598 761 694 802 tibi!
727 763 818 802 Vae
848 762 1044 814 quisquis
1073 763 1181 802 haec
1209 763 1318 803 alius
1346 763 1448 803 facit

358 826 411 865 Et
439 827 648 866 intuetur!
680 827 768 867 Vae
798 828 888 877 tibi,
919 828 1048 867 tellus
1078 841 1246 880 parens,

363 892 418 932 Et
445 892 622 944 patriae,
653 906 951 944 quaecumque
980 906 1064 932 non
1094 893 1324 943 ulciscitur,

363 957 594 1008 Vobisque,
624 971 759 1009 reges.
795 958 886 997 sive
917 957 1190 1010 parricidium

359 1023 455 1063 Non
484 1022 740 1074 impediistis
770 1023 860 1062 sive
890 1025 1106 1075 patratum
1136 1023 1276 1063 scelus

360 1088 542 1140 Impune
571 1088 712 1128 sinitis
742 1088 905 1139 regium
935 1088 1055 1127 obliti
1084 1088 1216 1127 decus

360 1153 414 1193 Et
443 1152 691 1204 religionem
722 1153 934 1205 perditam
963 1153 1042 1193 sub
1072 1152 1242 1193 cardine

366 1218 568 1258 Glacialis
598 1232 733 1268 ursae,
765 1231 861 1258 cum
888 1231 1017 1270 supra
1047 1231 1222 1270 magnos
1251 1218 1366 1257 furor

365 1284 607 1323 Elizabetae
636 1284 828 1336 gentium
860 1283 1049 1322 exsultet
1078 1283 1228 1322 duces!

647 1420 649 1423 Α
674 1384 856 1423 Puella
885 1384 1120 1423 secunda.

364 1457 593 1507 Nunquam
623 1456 811 1495 dolorem
843 1454 1002 1494 credidi
1032 1458 1198 1494 tantum
1229 1453 1387 1502 adfore,

365 1522 421 1561 Vt
450 1523 671 1561 efferatam
702 1524 801 1572 post
832 1520 1106 1560 Caledoniam
1135 1520 1246 1570 fuga,

364 1587 636 1639 Captivitatis
665 1589 763 1638 post
792 1586 947 1636 fugam,
980 1585 1119 1625 exsilii
1150 1584 1321 1633 malum,

367 1653 472 1692 Post
501 1652 754 1692 servitutem
784 1664 927 1690 carcer
956 1653 999 1689 et
1027 1651 1206 1700 languor
1233 1649 1385 1699 gravis,

365 1718 469 1757 Post
498 1730 710 1757 carcerem
739 1716 940 1767 languore
971 1714 1235 1754 cumulatum
1263 1714 1382 1764 gravi

366 1785 628 1834 Sequeretur
656 1784 753 1821 actu
784 1781 928 1821 caedis
958 1782 1149 1820 extremo
1179 1778 1317 1831 pudor

366 1848 421 1887 Et
450 1848 611 1887 funeris
640 1846 824 1886 ludibria
852 1845 1013 1885 deserti
1044 1858 1196 1884 canum

365 1913 531 1953 Rabido
561 1912 702 1952 furori.
761 1911 942 1951 Gravius
973 1913 1016 1950 et
1045 1909 1258 1949 Macolmii

369 1979 422 2017 Et
452 1978 670 2018 Guilielmi
698 1977 939 2029 principum
968 1974 1093 2014 timui
1121 1974 1227 2013 nihil

367 2043 638 2095 Captivstate,
668 2042 787 2094 peior
816 2045 997 2081 eventus
1028 2042 1145 2079 metu

369 2109 446 2149 Est
475 2110 519 2147 et
548 2108 698 2147 timore
728 2106 866 2146 maius
894 2105 1171 2145 infortunium

696 2197 885 2236 Puella
914 2195 1026 2248 pri*

368 2271 427 2309 At
455 2269 645 2309 membra
674 2268 800 2307 busto
831 2267 899 2313 (11ἲς
1243 2263 1339 2313 get?

367 2337 500 2374 Artus
529 2334 722 2373 sacratae
751 2332 817 2371 ns
