1623 2655
125 324 193 350 1490

123 649 192 675 1495

124 975 193 999 1500

111 1210 192 1243 [J3a]

127 1407 197 1432 1505

490 59 749 94 ROVLERIVS,
772 59 979 86 STVARTA.
1002 57 1041 83 Υ.
1385 57 1440 97 63

228 178 367 218 Audis
395 177 573 230 profana
602 175 770 216 caedier
799 174 951 214 dextra
980 174 1139 225 caput?

229 244 320 284 Nec
347 242 521 296 penitus
549 240 662 293 adigi
690 240 876 280 vulnus?
905 239 956 278 In
984 237 1126 278 medio
1156 239 1314 289 stupet.

230 310 393 350 Habet:
424 310 645 360 peractum
675 309 752 346 est.
802 304 969 345 Pendet
999 303 1152 355 exigua
1182 301 1294 341 male

230 374 290 414 Os
319 375 590 425 amputatum
619 374 753 423 parte,
785 374 828 410 et
857 369 956 409 hinc
983 372 1135 408 trunco
1165 380 1289 408 cruor

230 438 446 488 Exundat,
475 437 594 477 illinc
623 436 764 488 regius
793 438 946 475 vertex
974 434 1096 474 iacet.

230 503 377 552 Video,
406 503 510 543 licet
537 505 716 551 semota,
747 501 987 554 perfectum
1015 499 1150 540 nefas.

229 569 341 619 Heu,
369 568 468 618 heu,
500 567 593 607 dies
622 570 666 607 et
694 567 896 606 Phoebus
924 566 1003 605 hos
1033 566 1176 605 obitus
1203 563 1322 603 videt

229 634 322 674 Nec
349 634 544 686 reprimit
573 646 646 672 ora
674 631 929 684 sonipedum
960 634 1003 670 et
1031 630 1166 670 flectit
1194 632 1307 669 retro

231 700 414 740 Cursum
442 700 647 739 suorum?
675 697 722 738 Si
751 697 1039 750 Thyestaeani
1069 696 1286 747 impotens

232 766 438 817 Spectare
469 777 630 813 cenam,
662 777 772 816 quae
802 763 943 802 minus
974 761 1115 800 damni
1148 760 1259 809 tulit,

231 830 345 871 Hinc
374 830 473 870 hinc
501 833 682 878 reverte,
714 828 798 877 Sol,
830 828 1084 868 anhelantes
1115 839 1261 878 equos,

231 896 415 936 Bissena
444 908 570 935 cursu
600 895 720 947 signa
751 894 824 946 qui
854 893 971 933 vario
1001 892 1126 944 regia

230 961 423 1001 Immitte
452 962 646 1000 noctem:
676 962 825 1012 pereat
854 959 922 999 hic
952 957 1110 997 mundo
1142 956 1234 996 dies

230 1026 286 1066 Et
313 1026 389 1066 lux
417 1026 569 1066 acerba
601 1028 645 1065 et
672 1024 830 1065 Albion
859 1024 1069 1064 scelerum
1099 1035 1245 1074 capax.

541 1126 721 1166 Puella
749 1124 985 1166 secunda.

234 1198 370 1248 Quam
402 1201 570 1251 spectat
599 1198 686 1238 alto
716 1197 905 1237 sontium
936 1195 1093 1234 vindex
1122 1207 1271 1234 neceni

232 1264 440 1304 Pensabit
469 1263 582 1303 ultor
611 1262 744 1309 clade,
775 1260 813 1302 si
842 1274 949 1310 sero,
978 1261 1110 1312 gravi.

286 1328 487 1368 Visamus
517 1332 674 1377 autem,
705 1328 831 1376 socia,
863 1327 935 1378 qui
966 1326 1163 1366 dominae
1195 1328 1324 1376 queat

236 1394 346 1434 Tolli
376 1394 574 1433 cadaver:
605 1392 776 1432 nomine
808 1395 850 1431 et
881 1391 1034 1443 capite,
1065 1404 1088 1430 o
1119 1390 1248 1439 dolor,

233 1458 421 1498 Viduum
450 1472 602 1498 sereno
631 1457 811 1498 sindone
842 1456 1001 1497 involvi
1031 1456 1168 1496 decet.

233 1524 361 1564 Modo
391 1523 512 1564 sidus
541 1523 654 1563 orbis
685 1523 881 1562 columen
911 1522 1113 1573 antiquae
1144 1521 1307 1560 doinus.

129 1630 411 1682 Borumgus
440 1631 625 1671 lictore
657 1632 929 1670 exserente
960 1628 1200 1668 Stuartae
1233 1629 1396 1680 caput.

287 1708 494 1748 Inanibus
523 1708 725 1748 simulata
754 1706 1042 1759 nequicquam
1072 1705 1235 1745 artibus

236 1773 300 1813 En
329 1787 403 1813 ora
429 1773 729 1813 fraudulentae
761 1776 804 1812 et
832 1773 1032 1812 incanum
1061 1774 1202 1823 caput,

133 1852 200 1876 1510
239 1837 364 1887 Quod
393 1838 676 1890 Anglicanum
706 1850 863 1877 nomen
893 1840 936 1876 et
966 1849 1141 1876 avorum
1170 1835 1299 1875 fidem

236 1904 346 1943 Atra
372 1904 550 1955 petebat
580 1903 731 1943 Martis
759 1901 916 1942 occulti
945 1902 1049 1942 face.

238 1968 358 2018 Quae
386 1968 629 2020 pertinaces
657 1968 860 2020 praemiis
889 1966 1064 2020 paribus
1093 1967 1193 2006 beet

237 2033 429 2073 Melioris
457 2034 605 2073 hostes
635 2036 801 2073 ceteros
831 2032 1036 2084 evangeli,

238 2098 502 2139 Elizabetam
532 2102 676 2138 servet
703 2097 883 2150 imperio
912 2098 1041 2137 Deus.

181 2198 393 2240 Puellae
423 2198 622 2250 reliquo
652 2212 760 2240 cum
790 2198 951 2239 Choro
981 2198 1119 2238 duae.
1177 2199 1362 2238 Amias.

135 2282 204 2307 1515
241 2269 449 2311 Permitte
477 2270 600 2310 reddi
629 2283 782 2323 corpus
811 2270 1070 2319 exanimum,
1100 2269 1238 2318 Amia,

239 2333 373 2375 Nobis
402 2339 446 2375 et
473 2337 605 2386 aufer,
636 2335 712 2381 eia,
742 2336 926 2376 carnifici
956 2336 1087 2376 effero
