1623 2655
111 181 182 207 1145

108 507 178 534 1150

81 634 176 669 [ma]

110 834 179 859 1155

104 1160 174 1184 1160

104 1484 173 1510 1165

104 1810 172 1835 1170

103 2135 173 2161 1175

78 2325 172 2359 [G4b]

464 52 713 87 ROVLERNS,
742 52 949 79 STVARTA.
978 51 1036 78 IV.
1373 55 1424 94 51

219 167 317 206 Mea
346 180 422 207 vos
450 166 602 218 fatigat
630 165 845 205 servitus?
878 165 1076 206 Nondum
1107 167 1192 207 mei

216 232 304 272 Vos
332 232 430 282 heu,
460 230 666 281 misellae,
696 231 878 270 carceris
907 231 1044 271 fessas
1073 231 1192 283 piget

217 298 273 337 Et
301 296 594 345 acerbitatum,
624 309 732 348 quas
762 295 836 335 diu
865 296 985 336 fertis
1014 295 1169 336 simul?

216 362 396 402 Differte
424 361 622 401 lacrimas
651 375 760 401 neve
790 361 1056 401 lamentabili

215 427 286 468 Sic
313 428 563 480 praevenite
593 428 723 468 funus
752 428 919 467 ululatu
949 441 1104 468 meum.

215 494 366 534 Fletus
394 497 582 535 recusat:
612 507 698 533 una
727 494 938 534 sufficiam
967 494 1102 544 malis,

214 558 260 598 Si
289 562 392 599 sunt
420 560 544 609 mala,
575 560 741 600 evicere
771 572 881 611 quae
911 563 1088 600 cunctos
1118 563 1272 600 metus.

216 625 334 665 Deus
362 625 474 675 hinc,
505 626 622 665 Deus
652 638 720 665 me
748 625 901 664 liberat
932 625 1051 665 falsis
1081 626 1190 665 bene

212 690 404 730 Primum
434 690 680 743 expeditam
710 690 890 742 gaudiis,
920 704 973 730 ne
1004 704 1050 730 se
1079 691 1228 742 procul

214 755 264 794 111
293 758 569 808 praeparatas
599 756 696 796 Orci
725 757 965 796 aberrarem
994 757 1155 808 plagas.

218 820 302 860 Cur
329 820 513 861 animam
544 823 587 860 in
617 821 700 861 ista
728 821 823 861 luce
854 821 1070 861 detineam
1099 822 1284 874 amplius

214 885 454 938 Morerque,
494 885 601 925 nihil
632 888 710 936 est,
749 899 878 937 quam
915 886 1035 938 gravi
1063 887 1251 938 impulsu
1282 888 1421 928 levem

214 950 264 989 In
293 964 364 990 ore
394 951 532 1003 primo
560 954 689 991 teneo
719 953 968 1003 quassatam
997 952 1135 992 malis.

214 1015 374 1055 Itinere
405 1018 521 1056 certo
551 1016 732 1068 aevique
763 1019 979 1056 momento
1009 1017 1128 1056 brevi

212 1081 267 1121 Et
295 1088 431 1121 morte
461 1081 575 1121 facili
605 1084 648 1121 et
677 1094 806 1134 saepe
837 1082 1033 1133 quaesita
1062 1096 1169 1122 exeo

211 1146 281 1186 Ad
300 1147 463 1199 templa
483 1146 648 1186 divum:
672 1147 768 1198 quis
788 1147 893 1186 mihi
914 1148 994 1186 hoc
1014 1150 1205 1187 vestrum
1225 1147 1420 1188 invidet?

211 1211 372 1251 Secura
400 1212 568 1262 moriar,
598 1212 744 1263 nilque
775 1212 974 1252 morienti
1002 1226 1153 1252 necem

211 1277 299 1316 Aut
329 1276 543 1316 duriorem
573 1277 702 1316 faciet
731 1280 806 1317 aut
835 1277 1020 1318 celerem
1050 1278 1192 1327 nimis,

213 1341 306 1381 Nisi
335 1341 449 1393 quod
478 1342 666 1393 nequibo
696 1345 839 1382 vestra
868 1343 1116 1383 munel-ibus
1147 1343 1237 1382 suis

214 1406 402 1446 Pensare
432 1406 587 1446 merita
617 1420 790 1459 pauper,
821 1407 973 1447 infelix
1002 1408 1114 1448 hera.

212 1471 299 1511 Sed
328 1484 438 1523 quae
468 1471 625 1512 videtis
654 1473 844 1512 animum
874 1473 916 1512 in
946 1474 1152 1514 extremis
1181 1489 1325 1515 meum

210 1536 464 1589 Bonamque
492 1540 696 1587 mentem,
727 1537 866 1590 capite
897 1541 1124 1579 contentae
1154 1553 1305 1592 parum

210 1601 387 1642 Tabulis
415 1601 627 1651 relictum,
658 1602 773 1654 quod
803 1603 1037 1644 voluntatis
1069 1618 1188 1644 meae

209 1666 265 1706 Et
292 1666 449 1707 amoris
477 1667 600 1718 ignes
629 1668 767 1707 mutui
797 1668 840 1707 in
868 1672 1037 1708 vosmet
1066 1683 1185 1709 meos

210 1731 467 1772 Testabitur.
525 1732 699 1773 Miseria
728 1747 781 1773 ne
811 1734 965 1773 faciam
995 1737 1114 1774 vetat

211 1796 446 1837 Beatiores.
502 1797 594 1837 Ista
624 1798 886 1838 fortitudinis

210 1861 419 1913 Exempla
446 1862 601 1915 reliqui
630 1863 737 1902 ferte
768 1864 1020 1904 monimenti
1049 1865 1141 1905 loco

210 1926 265 1966 Et
293 1926 493 1979 pignoris,
523 1927 696 1979 quando
725 1928 841 1968 aliud
870 1929 985 1969 haud
1014 1929 1134 1970 licuit
1163 1931 1276 1972 dare.

264 1990 357 2040 Quo
386 1994 447 2042 tu,
478 1991 654 2032 deorum
683 2006 862 2043 summe,
893 1997 992 2046 post
1020 1996 1215 2036 morbum
1244 2011 1384 2046 vocas,

210 2056 303 2106 Quo
333 2056 465 2107 ducis,
496 2057 563 2096 eia
590 2057 676 2097 iam
705 2072 874 2110 sequor,
905 2059 1077 2100 demum
1106 2074 1265 2114 sequor

211 2122 280 2162 Ad
308 2124 374 2162 tot
402 2122 611 2162 malorum
639 2124 881 2174 terminum,
912 2125 967 2165 ad
994 2126 1188 2178 requiem
1216 2130 1335 2167 tuam

208 2187 290 2227 Per
320 2186 590 2240 auspicatum
618 2190 661 2228 te
691 2189 802 2229 bono
831 2190 981 2230 mortis
1011 2191 1124 2231 diem

209 2251 264 2292 Et
291 2252 541 2305 nuptialem,
572 2253 646 2305 qui
674 2267 794 2294 meos
823 2255 979 2305 luctus,
1009 2269 1128 2296 meas

211 2316 355 2357 Vitam
383 2317 427 2356 in
455 2330 610 2357 novam
640 2319 824 2360 mutabit
852 2320 1144 2372 aegritudines

1225 2401 1269 2433 4*
