1623 2655
76 341 128 366 1⁵0

74 760 126 786 155

78 1179 129 1204 160

75 1695 126 1720 165

78 2209 129 2234 1¹10

44 2333 134 2368 [B4b]

421 129 679 164 ROVLERIVs,
714 128 911 155 sTx'AR‘sA
944 129 971 155 I.
1326 129 1376 169 15

545 254 851 294 Elizabeta.

169 325 476 378 Quodcumque
507 326 665 365 mentis
693 325 827 377 agitat
857 324 1041 365 infestus
1070 324 1209 373 timor,

159 391 210 431 Id
238 404 315 443 per
342 391 533 442 quietem
563 404 716 431 sensus
746 404 926 431 arcanus
954 390 1097 430 refert.

543 480 849 520 Dudelaeus.

161 550 284 600 Quod
314 550 583 591 Christianus
612 554 735 603 paret
765 551 962 591 Oceanus
992 551 1082 600 tibi,

160 616 331 656 Donum
361 616 568 656 Tonantis
599 629 693 656 esse
725 618 792 666 (ne
823 617 1000 656 oblitam
1029 616 1092 655 tui

158 681 377 722 Dedoceat
407 681 572 721 animos
602 681 791 721 insolens
821 682 948 722 mites
978 682 1125 730 honor,

163 746 251 787 Sed
279 746 494 786 abstinere
524 746 727 786 caedibus
756 750 923 787 statuas
952 747 1067 796 feris,

157 811 269 851 Dare
299 815 471 863 tempus
499 811 600 860 irae,
630 824 803 863 parcere
834 811 1031 859 adflictis)
1062 814 1230 863 putant.

554 899 839 941 Elizabeta.

161 969 340 1022 Nempe,
376 970 449 1010 illa
477 983 585 1019 sum,
625 984 734 1022 quae
771 971 933 1011 scelera
965 970 1175 1011 committi
1212 974 1355 1010 vetem

161 1035 216 1075 Et
244 1035 453 1075 contineri
481 1036 688 1087 sanguine
718 1050 742 1076 a
772 1049 869 1077 caro
900 1036 1040 1085 velim,

161 1100 273 1140 Iuris
301 1100 516 1151 magistra,
548 1102 668 1141 cuius
698 1104 765 1142 est
794 1102 931 1142 virtus
960 1102 1075 1154 prior

168 1165 398 1206 Consulere
428 1166 605 1218 patriae,
637 1167 808 1207 subdito
838 1170 976 1206 tutam
1007 1167 1107 1206 dare

163 1230 266 1270 Orbi
295 1231 499 1283 quietem,
530 1232 701 1272 saeculo
730 1246 881 1284 pacem
910 1246 1018 1272 meo.

550 1321 857 1361 Dudelaeus.

161 1390 292 1430 Ducis
323 1396 389 1431 est
417 1391 529 1432 tueri
558 1392 727 1441 liberos,
756 1391 901 1443 vitam,
933 1394 1054 1433 bona.

557 1480 836 1521 Elizabeta,

162 1551 448 1602 Exstinguere
478 1551 647 1591 hostem
676 1552 918 1604 principum
952 1553 1046 1593 laus
1076 1557 1141 1593 est
1172 1553 1341 1594 minor?

163 1615 342 1656 Servare
373 1617 564 1666 Mariam,
596 1630 722 1668 quan]
754 1618 858 1657 mihi
888 1618 1104 1658 inimicam
1132 1619 1232 1669 scio,

164 1680 287 1722 Claro
316 1684 556 1722 tumentem
584 1696 753 1734 genere,
784 1696 894 1735 quae
926 1684 1155 1724 clementia
1186 1688 1253 1725 est
1266 1687 1287 1724 Ῥ

159 1746 253 1786 Vna
280 1747 516 1788 iubendum
544 1761 649 1788 voce
679 1753 926 1800 suspectam
956 1750 1074 1805 mori.

538 1837 848 1878 Dudelaeus.

161 1905 396 1958 Superesse
426 1907 573 1947 malim
601 1909 663 1948 sic
692 1912 740 1948 ut
769 1922 791 1948 a
822 1912 948 1949 cauta
977 1911 1084 1950 satis

160 1969 231 2010 Nil
260 1970 371 2010 ultra
399 1972 537 2024 possit
566 1986 661 2013 esse
690 1974 973 2014 metuendum
1001 1975 1100 2016 tuis.

553 2062 836 2103 Elizabeta.

166 2130 372 2171 Sufficere
402 2145 502 2171 cura
530 2133 672 2184 potuit
698 2134 806 2174 haec
834 2147 964 2186 regno
992 2135 1123 2188 prius.

166 2195 290 2237 Nunc
318 2201 366 2237 ut
394 2197 596 2238 secundis
624 2199 753 2239 rebus
783 2200 969 2240 excessit
997 2201 1194 2251 modum,

166 2260 312 2302 Fessis
342 2262 534 2315 quietem
561 2264 724 2316 pariter
752 2265 868 2305 haud
899 2265 1030 2306 ullam
1059 2267 1185 2319 capit.

172 2325 336 2367 Exsilia
362 2341 443 2368 nec
471 2329 635 2380 fregere
665 2329 919 2381 Morganum
947 2332 1096 2383 procul

166 2390 493 2445 Pagetiumque‚
522 2395 721 2446 pertinax
751 2409 932 2447 quorum
962 2397 1078 2437 furor
