1623 2655
118 673 171 699 810

116 999 169 1024 815

118 1325 171 1350 820

76 1693 115 1729 [F
121 1698 135 1723 1
142 1695 173 1728 b]

119 1761 173 1787 825

120 2197 174 2223 830

472 28 731 62 ROVLERiVS,
755 26 962 54 STVARTA.
989 26 1051 53 ΙΙΙ.
1369 29 1422 70 39

648 140 842 182 Amias.

212 234 390 274 Frustra
419 232 627 284 superbos
655 230 856 282 martyris
884 230 1035 270 titulos
1065 243 1167 270 aves

212 299 464 350 Nomenque
495 296 632 336 divae.

627 385 864 426 Stuarta.

692 463 776 504 Cur
805 477 898 503 eam
928 463 1101 503 laudem
1131 461 1331 502 invides?

209 530 279 569 An
308 542 438 582 quam
466 529 578 569 male
610 529 821 569 exercetis
850 530 894 568 in
924 542 1090 580 corpus,
1121 526 1223 567 foris

208 594 392 634 Animae
422 598 489 635 est
518 597 743 647 potestas?
773 595 941 634 Siccine
971 606 1070 645 erga
1099 606 1167 633 me
1197 593 1333 646 patris

212 660 464 712 Praecipere
494 660 687 700 studium
716 673 792 712 spe
824 661 934 700 bona
964 659 1157 699 aetherei
1185 660 1341 699 vetes?

209 725 303 773 Illa,
333 725 407 765 illa
436 738 572 777 spero.
632 724 714 774 Qui
743 726 862 765 Deus
892 737 967 776 pro
996 738 1065 764 me
1095 737 1222 764 suum

210 790 339 830 Fudit
368 803 574 840 cruorem,
605 790 776 830 fundier
804 804 881 842 pro
909 803 956 830 se
987 803 1132 829 meum

213 854 512 907 Ecclesiaeque
542 855 762 896 veteribus
790 868 971 907 magnae
1001 855 1133 895 sacris

213 920 340 961 Caelo
369 921 544 961 videbit.
602 921 696 961 Hoc
726 921 858 961 decus
887 921 1017 961 nullis
1047 934 1126 972 ego

208 985 375 1025 Mutem
404 986 570 1027 coronis
599 1000 740 1038 neque
770 986 806 1026 si
835 985 879 1026 in
909 986 1086 1037 antiquo
1115 986 1219 1025 mihi

211 1051 384 1092 Honore
415 1051 540 1092 cedat
568 1054 661 1092 tota
689 1052 769 1092 sub
799 1052 918 1103 leges
948 1052 1116 1091 humus.

208 1117 296 1169 Ego
326 1117 440 1157 enim
470 1130 565 1157 esse
596 1118 828 1170 quicquam
857 1130 989 1169 regna
1017 1116 1099 1156 nisi
1128 1116 1236 1156 falso
1266 1128 1362 1155 rear

209 1181 445 1234 Splendore
474 1182 651 1234 plenum
679 1195 837 1222 nomen
867 1185 911 1221 et
939 1182 1057 1221 inani
1085 1193 1251 1221 comam

209 1248 325 1287 Auro
354 1247 622 1287 revinctam?
652 1246 787 1288 Casus
816 1247 923 1287 haec
950 1247 1091 1299 rapiet
1119 1246 1276 1286 brevis.

209 1312 292 1352 Hic
320 1312 514 1352 obsoleta
543 1312 753 1364 quidquid
781 1312 941 1352 attritis
970 1312 1061 1351 fero

207 1379 364 1417 Aetate
393 1377 598 1417 membris
628 1378 848 1424 hactenus,
878 1379 1045 1429 penset,
1076 1388 1238 1428 precor,

208 1441 255 1481 Si
283 1455 369 1482 non
397 1442 546 1494 iniqua
574 1456 678 1483 voce
709 1443 918 1483 caelestes
947 1455 1065 1491 voco,

210 1507 512 1560 Quascumque
543 1509 679 1548 merui
706 1522 784 1561 pro
812 1509 922 1549 meis
950 1520 1113 1561 poenas
1142 1506 1279 1546 malis.

572 1609 919 1650 Buccartius.

212 1685 310 1725 Huc
336 1699 474 1738 usque
504 1687 630 1727 nexis
661 1687 879 1727 fraudibus
908 1690 1095 1727 nostram
1127 1687 1222 1726 neci

211 1750 438 1791 Dominam
468 1751 637 1792 laboras
666 1752 792 1791 avida
820 1765 1047 1803 regnorum
1077 1751 1196 1802 dare,

210 1813 335 1864 Quod
364 1829 451 1856 non
481 1816 660 1857 Sabrina
690 1817 863 1857 flumine
894 1817 1074 1857 undanti
1103 1817 1258 1866 scelus,

210 1879 306 1919 Non
336 1881 534 1932 copiosus
563 1881 701 1922 amnis
730 1883 929 1922 Antonae
960 1882 1117 1922 abluat.

624 1982 865 2022 Stuarta.

211 2056 299 2096 Seu
327 2059 473 2097 mente
504 2071 672 2098 mecum
702 2059 792 2099 sive
824 2059 1013 2100 consiliis
1041 2073 1137 2099 meo

210 2120 296 2161 Seu
325 2121 445 2162 iussu
474 2122 516 2162 in
549 2122 640 2164 eius
669 2124 759 2164 fata
786 2126 1003 2165 tentatum
1031 2124 1151 2174 nihil,

211 2185 301 2226 Nec
329 2200 424 2227 sum
454 2189 614 2228 malum
643 2189 793 2230 molita
822 2190 1098 2242 quantumvis
1126 2189 1222 2230 leve

210 2250 308 2292 Huc
335 2265 474 2304 usque
503 2266 662 2304 rerum,
693 2254 771 2295 sed
798 2268 878 2296 nec
907 2255 1055 2295 auderi
1084 2255 1164 2295 tuli

208 2315 299 2356 Nec
327 2318 477 2370 patiar,
509 2322 553 2359 et
582 2332 705 2360 mens
733 2320 854 2360 firma
882 2333 968 2360 non
997 2333 1188 2372 unquam
1216 2320 1307 2372 pati
1338 2322 1416 2360 est.
