1623 2655
162 70 216 110 62

198 488 265 513 1465

193 922 261 946 1470

190 1346 256 1369 1475

172 1473 257 1506 [J2b]

188 1672 255 1696 1480

182 2217 252 2243 1485

560 67 819 103 ROVLERIVS,
841 68 1048 96 STVARTA.
1072 69 1109 96 V.

305 183 401 223 Non
430 183 592 234 patitur
621 185 666 222 et
693 184 788 223 vult
820 197 915 224 esse
944 187 1199 236 perpetuam
1228 184 1322 225 sibi.

305 248 427 300 Ergo,
458 248 640 300 puellae,
671 251 844 301 tempus
874 248 1039 290 abeatis
1068 253 1226 290 monet.

305 314 468 363 Valete,
500 314 621 353 nobis
650 314 843 354 osculum
874 328 1089 354 summum
1118 315 1229 354 date.

597 403 789 442 Puella
817 403 1072 444 secunda.

305 474 399 524 Quo
425 487 506 514 nos
535 474 660 524 solas,
692 473 803 523 diva,
834 475 1046 515 remittis?

302 540 461 580 Tecum
491 543 639 579 votum
670 543 737 580 est
766 553 902 592 usque
933 541 1097 580 morari.

630 641 825 681 Puella
854 641 1035 693 prima.

302 712 461 751 Tecum
491 714 639 751 votum
670 715 748 762 est,
778 712 937 764 regina,
967 713 1085 752 mori.

303 780 336 815 O
367 777 503 817 tristis
532 777 693 817 abitus!
724 778 846 818 Itane
877 778 1095 818 discedam
1125 792 1278 831 neque,

302 842 477 894 Regina,
509 847 650 883 tecum
681 843 865 883 moriar?
895 844 1135 883 Aeternum
1163 844 1226 883 tui

299 908 505 948 Privabor
534 908 618 949 oris
647 908 839 948 lumine?
869 908 903 948 O
935 911 1063 949 terra!
1095 909 1131 949 O
1159 910 1301 961 polus!

299 972 334 1012 O
365 973 461 1013 alba
490 973 615 1024 longe
645 987 749 1014 saxa
780 978 822 1013 et
852 975 1055 1026 antiquae
1086 974 1295 1014 Orcades!

299 1038 333 1077 O
364 1038 519 1089 Anglia
550 1042 679 1092 atque
709 1039 866 1089 Scotia,
897 1040 1086 1092 periistis
1115 1039 1262 1080 hodie!

298 1104 515 1144 Concussa
543 1105 718 1156 planctu
748 1109 921 1157 pectora
949 1105 1061 1144 illiso
1090 1107 1255 1145 sonent.

720 1195 942 1234 Stuart-a.

296 1264 494 1305 Pollicita
522 1265 697 1305 tacitam
730 1266 913 1315 contine,
945 1266 1073 1317 virgo,
1104 1278 1256 1305 sonum

295 1331 431 1372 Nimis
460 1330 736 1380 insolentein3
768 1332 871 1383 quin
901 1335 1125 1383 precatura
1153 1331 1359 1371 arbitrum

295 1397 376 1436 Pro
406 1410 475 1436 me
505 1397 745 1436 Tonantem
774 1411 870 1437 cuin
900 1397 1002 1437 viris
1031 1397 1259 1437 clientibus

297 1462 473 1502 Testare
503 1463 655 1502 fortem
687 1466 731 1502 et
760 1463 890 1502 caede
920 1462 1119 1515 supplicii
1146 1462 1252 1502 loco.

347 1527 470 1577 Quid,
500 1527 634 1577 lictor,
666 1528 865 1567 obvelare
895 1527 1120 1567 contendis
1150 1531 1278 1580 caput

293 1593 345 1632 Et
375 1606 455 1642 me,
487 1592 737 1644 priusquam
765 1593 932 1642 morior,
963 1593 1172 1644 attingis?
1201 1593 1340 1632 Mane.

293 1657 387 1697 Hoc
415 1663 474 1706 tu,
505 1657 660 1709 puella,
691 1658 868 1709 fungere
898 1658 1037 1697 officio
1066 1660 1196 1709 atque
1227 1657 1316 1696 abi!

327 1771 503 1810 Puella
533 1771 696 1823 prima
725 1775 775 1810 et
804 1770 1031 1811 secunda
1061 1784 1314 1822 egressae.

617 1872 810 1912 Puella
839 1871 1023 1924 prima.

341 1942 376 1982 O
405 1956 483 1983 nos
513 1943 730 1993 remissae,
761 1957 838 1984 nos
866 1943 925 1983 ibi
955 1942 1146 1995 ignavae,
1177 1944 1315 1983 soror!

289 2008 406 2057 Quae
437 2008 659 2060 patimur?
688 2009 742 2048 Et
770 2022 855 2048 non
885 2009 1079 2049 sentiunt
1108 2010 1347 2048 Amazonas

287 2072 375 2113 Nos
405 2076 448 2113 et
478 2072 709 2114 Camillas?
737 2076 796 2114 At
825 2074 928 2126 quid
957 2073 1165 2124 imbelles,
1196 2073 1300 2126 quid
1328 2073 1414 2113 heu

288 2138 413 2179 Solae
442 2141 507 2178 tot
536 2138 632 2178 illos
662 2141 838 2179 contra?
868 2139 1132 2179 Moreremur
1159 2138 1299 2180 simul.

290 2203 380 2244 Nec
406 2204 451 2243 id
478 2203 636 2243 licebat
663 2217 743 2244 nec
770 2204 950 2245 iuvaret.
1008 2204 1174 2245 Occidit

285 2268 572 2309 Nihilominus
600 2269 677 2309 lux
706 2273 867 2321 quanta
896 2271 1205 2311 christicolum!
1236 2269 1354 2309 Perit

285 2333 430 2374 Nostri
458 2347 545 2374 una
573 2347 704 2374 sexus
731 2334 866 2386 gloria
895 2338 939 2375 et
967 2335 1115 2375 mundi
1144 2334 1282 2375 decor.
