1623 2655
109 208 205 242 [H2b]

134 506 203 532 1280

132 970 200 994 1285

130 1475 200 1500 1290

130 1802 201 1826 1295

103 1996 198 2030 [Hssa]

129 2301 198 2327 1300

493 72 1042 107 ROVLERUS,STVARTA.V.

499 188 710 229 Ao'rvs
750 187 1056 238 QVINTVS.

352 282 569 333 Erbyus.
627 278 867 319 Stuarta.
925 278 1192 319 Melvinus.

667 357 876 409 Erbyus.

240 427 333 468 Iam
361 427 486 466 nocte
516 424 641 476 pulsa
670 423 832 463 multus
862 423 1022 462 effulsit
1052 422 1157 473 dies,

240 492 296 532 Et
323 490 543 544 opperitur
570 489 737 541 reliqua
765 492 808 529 te
838 502 1063 541 procerum
1092 502 1257 538 manus,

240 557 408 609 Regina
437 556 676 608 quondam:
707 555 916 603 venimus,
946 562 1176 606 postquam
1212 555 1335 595 iubar

238 622 390 662 Illuxit
418 622 590 670 almum,
620 621 816 661 venimus
846 620 898 660 de
927 622 972 660 te
1002 620 1126 660 acciti

240 688 423 728 Haurire
454 700 626 739 poenas.

667 759 758 798 stu
771 761 892 798 arta.

694 824 910 864 Mensium
940 825 1085 864 morbo
1116 824 1257 873 trium,

239 891 441 941 Melvine,
471 892 650 930 fractam
680 891 947 942 carcerisque
976 890 1132 939 taedio,

243 956 294 996 Et
323 956 477 1005 socius,
507 956 692 997 allevate
723 955 915 996 subsidio
946 955 1109 1006 ultimo,

237 1022 348 1062 Aliis
377 1022 581 1074 deinceps
611 1023 771 1074 quippe
799 1021 1039 1074 parendum
1070 1024 1136 1061 est
1165 1021 1291 1062 heris.

634 1111 907 1151 Melvinus.

236 1176 319 1216 Pro
349 1189 441 1216 sors
469 1177 640 1217 acerbat
696 1177 780 1216 Pro
809 1176 1095 1216 ministerium
1124 1188 1265 1227 grave,

240 1241 363 1291 Quod
393 1243 534 1294 eapite
563 1242 731 1282 miseris
762 1242 887 1293 erigit
915 1244 1007 1282 toto
1037 1243 1203 1281 comas!

665 1331 757 1371 Stu
769 1334 890 1372 arta.

236 1396 413 1437 Nullum
443 1397 635 1438 sodalem
664 1397 839 1446 funeris,
870 1410 972 1449 prae
1002 1399 1045 1437 te
1075 1396 1192 1447 mihi,

240 1461 275 1502 O
306 1462 488 1512 Christe,
519 1476 691 1515 quaero,
723 1462 905 1512 Christe,
936 1475 1035 1515 spes
1066 1462 1324 1512 mortalium,

236 1527 436 1568 Distente
464 1527 593 1580 ligno,
625 1528 746 1568 euius
776 1528 859 1567 11110
888 1541 1038 1580 usque,
1071 1541 1094 1567 o
1125 1528 1255 1576 favor,

236 1593 328 1646 Ope
356 1606 503 1634 servor
532 1607 666 1634 annos
699 1593 987 1633 undevicenos
1015 1606 1088 1632 rea

234 1658 290 1698 Et
317 1659 518 1711 martyris
547 1659 820 1712 palmamque
849 1659 1105 1710 laurumque
1137 1661 1307 1710 expeto.

288 1723 452 1774 Valete,
484 1724 650 1774 famuli,
681 1724 834 1764 adesse
863 1724 899 1764 si
929 1724 1175 1776 spectaculo

240 1789 394 1829 Caedis
423 1802 544 1829 meae
574 1789 819 1842 prohibebit
847 1788 1017 1829 hostilis
1045 1789 1173 1838 furor,

235 1853 421 1894 Subeste
451 1854 635 1894 dominis
665 1856 713 1893 ut
742 1855 845 1903 Deo,
877 1854 998 1893 cuius
1027 1867 1158 1893 manu

233 1918 470 1959 Versantur
498 1920 719 1959 hominum
748 1920 848 1968 fata,
879 1933 959 1959 nee
987 1919 1228 1959 iubentium

237 1985 475 2037 Praecepta
504 1985 754 2033 detrectate,
786 1984 886 2024 dum
916 1988 1080 2025 rectum
1112 1985 1257 2025 velint.

225 2074 683 2115 Scherusbericus.
741 2073 970 2115 Stuarta.
1028 2074 1303 2115 Melvinus.

531 2158 1000 2199 Scherusberious.

234 2224 500 2263 Danant-iata
529 2227 722 2275 tempore
751 2224 953 2264 hesterno
982 2224 1061 2264 tibi

236 2289 441 2329 Mandata
469 2292 642 2329 nostrae
671 2290 708 2330 si
737 2289 1000 2330 faoessemus
1031 2290 1163 2340 ducis,

235 2352 445 2394 Cunctata
474 2354 666 2394 thalamo
695 2355 863 2408 longius
891 2355 1015 2408 prodi
1045 2356 1180 2395 foras!
