1623 2655
200 91 253 131 46

586 90 846 126 ROVLERIVS,
875 91 1082 119 STVARTA.
1111 91 1166 118 IV.

236 229 305 253 1005
343 214 462 264 Quae
491 214 527 255 si
557 215 703 254 habita
731 215 829 255 laxo
859 228 1027 256 carcere
1058 219 1246 256 attentet
1275 216 1448 268 malum,

231 656 299 680 1010

228 982 296 1006 1015

222 1309 289 1333 1020

198 1501 289 1533 [ti1b]

218 1634 287 1659 1025

215 1959 284 1985 1030

210 2385 281 2410 1035

343 280 430 320 Ceu
460 293 557 320 cum
587 280 780 320 caminus
808 293 945 332 nuper
975 279 1137 321 exarsit
1166 281 1275 328 dolo,

340 346 518 385 Praesto
549 358 644 385 esse
674 345 800 385 iubeo
829 345 989 385 ferrum
1018 346 1061 385 in
1093 350 1275 387 eventus
1305 347 1430 399 fugae

340 410 500 450 Omnes
530 414 574 450 et
603 410 741 462 ipsam
771 410 947 463 cuspide
977 410 1158 452 adversa
1186 411 1285 452 fodi.

766 506 975 546 Chorus.

340 577 451 626 Quid
480 577 582 628 agis,
614 577 830 617 sceleste?
859 578 1010 617 Nonne
1039 577 1273 618 vindictam
1301 578 1423 619 vides

336 642 531 682 Pendere
562 642 710 682 eaelo-3
739 642 830 682 Nec
858 643 936 683 tibi
967 645 1034 682 est
1062 656 1225 694 poenae
1255 643 1372 693 satis,

335 707 458 756 Quod
488 708 668 759 Anglico
698 708 910 747 servimus
940 711 1163 748 aeternum
1193 708 1316 748 solo?

334 772 424 813 Nec
453 777 513 822 tn,
543 776 678 825 pater,
708 776 768 822 tu,
799 773 921 813 cuius
951 786 1181 813 excussum
1210 786 1339 812 manu

333 838 536 878 Metuunt
565 839 730 891 profani
759 838 922 877 fulmen
952 838 1112 877 inimici
1140 838 1372 888 horridum,

333 903 415 953 Qui
445 904 579 944 densa
608 903 734 956 pellis
763 904 909 943 nubila
939 906 982 943 et
1011 903 1218 943 mundum
1247 903 1371 955 regis,

334 969 476 1009 Iratus
505 969 611 1008 haec
640 969 815 1009 servitia
844 982 921 1008 nec
951 968 1091 1008 iustus
1121 968 1271 1008 vides?

331 1034 439 1074 Nam
469 1034 640 1085 quando
669 1035 757 1073 tela
785 1034 932 1074 nubilo
963 1033 1136 1073 emittes
1165 1034 1263 1086 polo

329 1100 419 1139 Aut
448 1113 555 1152 quos
584 1099 627 1139 in
656 1112 760 1139 usus
789 1100 962 1139 flamma
990 1103 1187 1139 servatur
1214 1113 1358 1149 vorax,

329 1165 375 1204 Si
404 1178 518 1204 nunc
546 1178 745 1204 serenum
775 1167 870 1204 est?
900 1165 1062 1204 Dextra
1091 1178 1176 1214 cur,
1206 1166 1384 1216 genitor,
1416 1167 1492 1204 tua

329 1230 592 1270 Cunctatur?
622 1230 742 1270 Adeo
772 1230 914 1282 capita
943 1244 1167 1270 saevorum
1196 1230 1415 1282 hospitum

328 1295 512 1335 Abolere
542 1309 686 1335 cessas
716 1295 813 1346 igne
844 1295 1032 1344 caelesti,
1063 1299 1185 1348 pater

328 1360 582 1412 vindexque
612 1362 792 1411 regum‘?
823 1360 991 1412 Quique
1021 1360 1204 1400 terrifico
1234 1360 1336 1400 feris

326 1426 515 1464 lnnocua
544 1426 702 1465 totiens
732 1426 901 1478 rupium
931 1426 1124 1466 albarum
1153 1426 1263 1477 iuga⁷

329 1490 420 1530 Hos
449 1490 593 1542 potius
622 1490 765 1542 apices
794 1492 1089 1531 vindicaturus
1117 1492 1236 1544 pete!

323 1555 515 1595 Iaculare
543 1555 689 1608 piceos
717 1556 903 1596 flammei
933 1556 1102 1595 incendi
1130 1557 1279 1607 globos

325 1621 379 1660 Et
407 1624 529 1673 parte
559 1621 612 1660 ab
641 1620 756 1660 omni
786 1622 965 1660 nubium
993 1621 1126 1660 iratus
1155 1625 1257 1660 tona

323 1685 378 1724 Et
406 1698 559 1737 sparge
587 1685 747 1737 fulguri
778 1686 940 1737 Sparge
970 1698 1055 1736 qua
1084 1685 1222 1737 polles
1251 1683 1385 1735 magis

322 1750 452 1789 Manu
481 1752 711 1803 potesque:
742 1750 916 1790 noxium
946 1750 1076 1790 feries
1102 1751 1242 1801 caput,

322 1816 631 1868 Quodcumque
661 1815 802 1865 feries,
833 1815 1026 1867 impium,
1056 1815 1207 1865 dirum,
1237 1818 1338 1854 tuae

321 1881 546 1921 Potentiae
576 1881 772 1933 tantique
802 1894 997 1921 securum
1028 1881 1173 1932 patris.

321 1946 376 1985 Et
403 1960 482 1986 nos
511 1959 682 1998 quoque
711 1945 841 1998 ipsas,
871 1945 907 1985 si
937 1959 1062 1985 secus
1090 1959 1176 1985 non
1205 1945 1372 1994 asseris,

318 2010 413 2050 Vna
442 2011 563 2050 ruina
591 2011 762 2051 involve
791 2011 946 2051 saltem
974 2011 1143 2060 liberas,

320 2076 500 2125 Qualem
529 2080 651 2115 tuum
681 2076 889 2116 Samsona
917 2076 1192 2128 blasphemis,
1223 2076 1352 2123 Deus,

319 2140 446 2181 Obire
476 2154 622 2180 casum
652 2154 748 2181 cum
777 2141 998 2182 Philisteis
1027 2141 1160 2181 iubes.

750 2236 946 2276 Amias.

318 2306 529 2356 Quoniam
557 2307 661 2346 hora
689 2307 809 2346 lusus
838 2306 989 2347 adimit
1018 2307 1124 2347 haec
1152 2319 1301 2346 omnes
1330 2306 1420 2356 tibi,

319 2371 527 2411 Tollenda
554 2384 704 2412 mensa
734 2374 800 2411 est
828 2371 924 2421 ista,
955 2385 1040 2424 qua
1067 2371 1128 2411 nil
1156 2384 1270 2412 nunc
1299 2384 1418 2424 opus.
