1623 2655
191 95 244 134 54

229 220 297 244 1245

227 547 295 572 1250

196 872 292 904 [1123]

220 1201 286 1225 1260

216 1527 283 1552 1265

212 1854 280 1879 1270

213 2181 281 2206 1275

580 93 835 128 ROVLERIV&
862 94 1152 122 STVARTA.1V.

479 207 573 256 Qua
600 207 710 247 nulli
737 207 941 248 caderent
969 208 1112 259 duces,

478 272 600 313 Sicut
628 272 783 312 finibus
813 273 1004 325 Anglicis

475 338 628 390 Ignota
656 351 762 378 nece
790 339 962 389 regibus

475 403 699 443 Scotorum
729 404 860 444 decus
889 404 1065 445 occidet.

385 468 420 508 O
450 468 658 520 regnandi
685 482 815 509 saeva
845 469 999 521 cupido

335 534 511 586 Dirique
543 537 683 574 metus
713 537 758 574 et
786 547 908 575 mens
936 535 1069 587 spreti

332 599 511 640 Conscia
539 599 655 649 iuris,
687 600 837 651 quanti
866 613 1038 652 semper

330 664 444 704 Fons
474 667 518 704 et
547 665 663 717 origo
692 668 860 706 secreta
888 666 1008 705 mali!

330 729 433 770 Odit
461 730 677 782 quondam
707 744 838 783 regno
868 732 1053 771 electum

328 795 495 835 Davida
523 795 627 836 Saul
656 797 819 836 veritus
848 797 965 837 laeso

332 861 517 901 Numine
548 862 725 911 cladem,
757 863 873 902 celsa
904 862 1067 903 veritus

327 926 439 966 Sede
468 927 631 979 repelli,
662 940 747 979 qua
776 927 997 968 Iessaeum

326 991 469 1032 Statui
498 992 699 1032 iuvenem
728 993 884 1033 deinde
914 994 1092 1034 videret.

326 1057 464 1107 Quem
493 1057 680 1098 dirarum
709 1062 832 1111 peste
862 1072 1053 1099 sororum

325 1122 379 1162 Et
408 1122 493 1162 bile
521 1123 648 1163 nimis
678 1125 866 1176 percitus
896 1128 988 1164 atra

324 1187 404 1228 Vel
432 1188 693 1229 mulcentem
724 1189 900 1242 cythara
928 1189 1059 1230 furias

324 1253 405 1293 Vel
432 1253 670 1305 fugientem
701 1255 870 1295 cautius
899 1255 1005 1294 iram

326 1319 457 1359 Nisus
487 1323 612 1360 acuto
644 1322 770 1372 figere
800 1321 899 1360 telo.

376 1384 471 1424 Non
501 1398 626 1425 secus
656 1389 748 1426 atro
777 1386 910 1426 livore
939 1389 1112 1426 tumens

322 1449 569 1499 Heroinam‚
592 1464 720 1502 quam
750 1451 948 1491 diadema

323 1513 500 1566 Spectat
529 1528 703 1555 avorum
735 1517 876 1556 verius
906 1530 1047 1566 unam,

321 1579 481 1619 Tentat
506 1580 654 1632 iniquo
683 1582 862 1622 caedere
893 1582 1003 1621 ferro

320 1644 517 1685 Vocitata
545 1659 675 1694 soror,
705 1647 862 1698 legum,
891 1647 1072 1698 generis,

322 1710 376 1749 Et
404 1711 559 1763 regalis
589 1725 738 1752 secura
769 1716 908 1752 status

320 1775 374 1815 Et
402 1776 557 1826 Iacobi,
589 1777 661 1829 qui
690 1781 885 1818 materna

319 1841 432 1881 Puer
460 1855 555 1882 arce
585 1847 767 1895 praeest.
825 1843 919 1883 Tali

318 1906 492 1946 Athalia
520 1912 664 1948 mente
694 1909 877 1961 peremit

317 1972 553 2012 Immatura
583 1974 715 2014 caede
746 1976 940 2027 nepotes,

319 2037 466 2077 Genus
496 2038 705 2079 Ochosiae
735 2040 877 2080 nobile
908 2042 1010 2090 nati,

318 2102 504 2156 Solymis
533 2104 703 2145 inhians
732 2106 892 2146 femina
920 2108 1074 2158 regnis.

320 2167 407 2209 Sed
436 2182 536 2208 mox
565 2169 681 2209 aliud
710 2171 893 2222 pretium
926 2176 1105 2224 experta

317 2233 457 2273 Solvit
484 2235 659 2274 meritas
689 2236 839 2275 funere
868 2250 1048 2288 poenas:

319 2299 371 2339 Et
400 2299 622 2352 supplicio,
654 2314 763 2352 quae
793 2306 935 2353 patrat
964 2303 1090 2352 idem,

315 2364 487 2417 Hospes
517 2365 667 2405 eodeni
697 2370 873 2418 peccata
903 2368 1003 2407 luat.
