<?xml version="1.0" encoding="UTF-8"?>
<!DOCTYPE html PUBLIC "-//W3C//DTD XHTML 1.0 Transitional//EN"
    "http://www.w3.org/TR/xhtml1/DTD/xhtml1-transitional.dtd">
<html xmlns="http://www.w3.org/1999/xhtml" xml:lang="en" lang="en">
 <head>
  <title>
</title>
<meta http-equiv="Content-Type" content="text/html;charset=utf-8" />
  <meta name='ocr-system' content='tesseract 3.04.00' />
  <meta name='ocr-capabilities' content='ocr_page ocr_carea ocr_par ocr_line ocrx_word'/>
</head>
<body>
  <div class='ocr_page' id='page_1' title='image "./stvartatragoedia00rouluoft_0073.png"; bbox 0 0 1623 2655; ppageno 0'>
   <div class='ocr_carea' id='block_1_1' title="bbox 64 633 133 658">
    <p class='ocr_par' dir='ltr' id='par_1_1' title="bbox 64 633 133 658">
     <span class='ocr_line' id='line_1_1' title="bbox 64 633 133 658; baseline 0 0"><span class='ocrx_word' id='word_1_1' title='bbox 64 633 133 658; x_wconf 84' lang='lat'>1040</span> 
     </span>
    </p>
   </div>
   <div class='ocr_carea' id='block_1_2' title="bbox 61 959 130 984">
    <p class='ocr_par' dir='ltr' id='par_1_2' title="bbox 61 959 130 984">
     <span class='ocr_line' id='line_1_2' title="bbox 61 959 130 984; baseline -0.014 0"><span class='ocrx_word' id='word_1_2' title='bbox 61 959 130 984; x_wconf 79' lang='lat'>1045</span> 
     </span>
    </p>
   </div>
   <div class='ocr_carea' id='block_1_3' title="bbox 37 1216 128 1309">
    <p class='ocr_par' dir='ltr' id='par_1_3' title="bbox 37 1216 128 1309">
     <span class='ocr_line' id='line_1_3' title="bbox 37 1216 128 1250; baseline 0 -6"><span class='ocrx_word' id='word_1_3' title='bbox 37 1216 128 1250; x_wconf 81' lang='lat' dir='ltr'>[G2a]</span> 
     </span>
     <span class='ocr_line' id='line_1_4' title="bbox 59 1285 128 1309; baseline -0.014 0"><span class='ocrx_word' id='word_1_4' title='bbox 59 1285 128 1309; x_wconf 87' lang='lat'>1050</span> 
     </span>
    </p>
   </div>
   <div class='ocr_carea' id='block_1_4' title="bbox 56 1706 126 1731">
    <p class='ocr_par' dir='ltr' id='par_1_4' title="bbox 56 1706 126 1731">
     <span class='ocr_line' id='line_1_5' title="bbox 56 1706 126 1731; baseline 0 -1"><span class='ocrx_word' id='word_1_5' title='bbox 56 1706 126 1731; x_wconf 82' lang='lat'>1055</span> 
     </span>
    </p>
   </div>
   <div class='ocr_carea' id='block_1_5' title="bbox 418 75 1000 111">
    <p class='ocr_par' dir='ltr' id='par_1_5' title="bbox 418 75 1000 111">
     <span class='ocr_line' id='line_1_6' title="bbox 418 75 1000 111; baseline -0.002 -8"><span class='ocrx_word' id='word_1_6' title='bbox 418 75 1000 111; x_wconf 73' lang='lat' dir='ltr'>ROVLERIVS‚STVARTA.iV.</span> 
     </span>
    </p>
   </div>
   <div class='ocr_carea' id='block_1_6' title="bbox 588 188 830 230">
    <p class='ocr_par' dir='ltr' id='par_1_6' title="bbox 588 188 830 230">
     <span class='ocr_line' id='line_1_7' title="bbox 588 188 830 230; baseline 0.008 -2"><span class='ocrx_word' id='word_1_7' title='bbox 588 188 830 230; x_wconf 70' lang='lat' dir='ltr'>Stuarta</span> 
     </span>
    </p>
   </div>
   <div class='ocr_carea' id='block_1_7' title="bbox 174 261 1226 445">
    <p class='ocr_par' dir='ltr' id='par_1_7' title="bbox 174 261 1226 445">
     <span class='ocr_line' id='line_1_8' title="bbox 176 261 1226 314; baseline -0.001 -12"><span class='ocrx_word' id='word_1_8' title='bbox 176 261 325 302; x_wconf 83' lang='lat' dir='ltr'>Gratia</span> <span class='ocrx_word' id='word_1_9' title='bbox 353 262 462 301; x_wconf 88' lang='lat' dir='ltr'>Deo:</span> <span class='ocrx_word' id='word_1_10' title='bbox 493 273 548 300; x_wconf 81' lang='lat' dir='ltr'>ex</span> <span class='ocrx_word' id='word_1_11' title='bbox 577 274 662 313; x_wconf 89' lang='lat' dir='ltr'>quo</span> <span class='ocrx_word' id='word_1_12' title='bbox 690 261 837 301; x_wconf 82' lang='lat' dir='ltr'>tabula</span> <span class='ocrx_word' id='word_1_13' title='bbox 866 262 983 302; x_wconf 88' lang='lat' dir='ltr'>iussa</span> <span class='ocrx_word' id='word_1_14' title='bbox 1013 265 1079 302; x_wconf 88' lang='lat' dir='ltr'>est</span> <span class='ocrx_word' id='word_1_15' title='bbox 1109 262 1226 314; x_wconf 85' lang='lat' dir='ltr'>erigi,</span> 
     </span>
     <span class='ocr_line' id='line_1_9' title="bbox 175 325 1003 378; baseline -0.001 -10"><span class='ocrx_word' id='word_1_16' title='bbox 175 327 327 368; x_wconf 79' lang='lat' dir='ltr'>Nullos</span> <span class='ocrx_word' id='word_1_17' title='bbox 355 325 490 366; x_wconf 92' lang='lat' dir='ltr'>dolori</span> <span class='ocrx_word' id='word_1_18' title='bbox 519 326 716 378; x_wconf 85' lang='lat' dir='ltr'>praebuit</span> <span class='ocrx_word' id='word_1_19' title='bbox 745 327 866 367; x_wconf 79' lang='lat' dir='ltr'>lusus</span> <span class='ocrx_word' id='word_1_20' title='bbox 896 340 1003 375; x_wconf 89' lang='lat' dir='ltr'>meo,</span> 
     </span>
     <span class='ocr_line' id='line_1_10' title="bbox 174 391 1154 445; baseline 0.001 -12"><span class='ocrx_word' id='word_1_21' title='bbox 174 392 398 445; x_wconf 85' lang='lat' dir='ltr'>Siquidem</span> <span class='ocrx_word' id='word_1_22' title='bbox 426 391 573 443; x_wconf 84' lang='lat' dir='ltr'>negoti</span> <span class='ocrx_word' id='word_1_23' title='bbox 603 393 797 444; x_wconf 79' lang='lat' dir='ltr'>suppetit</span> <span class='ocrx_word' id='word_1_24' title='bbox 824 406 902 445; x_wconf 81' lang='lat' dir='ltr'>per</span> <span class='ocrx_word' id='word_1_25' title='bbox 931 405 1007 433; x_wconf 74' lang='lat' dir='ltr'>vos</span> <span class='ocrx_word' id='word_1_26' title='bbox 1036 393 1154 434; x_wconf 84' lang='lat' dir='ltr'>satis.</span> 
     </span>
    </p>
   </div>
   <div class='ocr_carea' id='block_1_8' title="bbox 165 483 1275 1390">
    <p class='ocr_par' dir='ltr' id='par_1_8' title="bbox 165 483 1275 1390">
     <span class='ocr_line' id='line_1_11' title="bbox 601 483 821 523; baseline 0 0"><span class='ocrx_word' id='word_1_27' title='bbox 601 483 821 523; x_wconf 88' lang='lat' dir='ltr'>Chorus.</span> 
     </span>
     <span class='ocr_line' id='line_1_12' title="bbox 172 554 1253 607; baseline 0 -13"><span class='ocrx_word' id='word_1_28' title='bbox 172 554 308 605; x_wconf 87' lang='lat' dir='ltr'>Eheu,</span> <span class='ocrx_word' id='word_1_29' title='bbox 338 555 443 607; x_wconf 88' lang='lat' dir='ltr'>quid</span> <span class='ocrx_word' id='word_1_30' title='bbox 472 555 650 607; x_wconf 81' lang='lat' dir='ltr'>agimus,</span> <span class='ocrx_word' id='word_1_31' title='bbox 682 555 892 594; x_wconf 67' lang='lat' dir='ltr'>caelites?</span> <span class='ocrx_word' id='word_1_32' title='bbox 920 554 1104 594; x_wconf 80' lang='lat' dir='ltr'><strong>Vbinam</strong></span> <span class='ocrx_word' id='word_1_33' title='bbox 1132 555 1253 594; x_wconf 80' lang='lat' dir='ltr'>favor</span> 
     </span>
     <span class='ocr_line' id='line_1_13' title="bbox 170 620 1172 672; baseline -0.001 -12"><span class='ocrx_word' id='word_1_34' title='bbox 170 620 291 660; x_wconf 83' lang='lat' dir='ltr'>Haec</span> <span class='ocrx_word' id='word_1_35' title='bbox 318 621 432 660; x_wconf 87' lang='lat' dir='ltr'>inter</span> <span class='ocrx_word' id='word_1_36' title='bbox 460 633 555 660; x_wconf 88' lang='lat' dir='ltr'>esse</span> <span class='ocrx_word' id='word_1_37' title='bbox 584 622 730 660; x_wconf 88' lang='lat' dir='ltr'>vester</span> <span class='ocrx_word' id='word_1_38' title='bbox 759 623 802 660; x_wconf 84' lang='lat' dir='ltr'>et</span> <span class='ocrx_word' id='word_1_39' title='bbox 830 620 970 672; x_wconf 80' lang='lat' dir='ltr'>pietas</span> <span class='ocrx_word' id='word_1_40' title='bbox 998 622 1172 672; x_wconf 67' lang='lat' dir='ltr'>potest?</span> 
     </span>
     <span class='ocr_line' id='line_1_14' title="bbox 170 685 1109 735; baseline 0 -10"><span class='ocrx_word' id='word_1_41' title='bbox 170 685 402 735; x_wconf 79' lang='lat' dir='ltr'>Efizabeta,</span> <span class='ocrx_word' id='word_1_42' title='bbox 433 686 595 726; x_wconf 84' lang='lat' dir='ltr'>fraudis</span> <span class='ocrx_word' id='word_1_43' title='bbox 625 689 670 725; x_wconf 91' lang='lat' dir='ltr'>et</span> <span class='ocrx_word' id='word_1_44' title='bbox 698 685 910 726; x_wconf 82' lang='lat' dir='ltr'>scelerum</span> <span class='ocrx_word' id='word_1_45' title='bbox 941 686 1109 735; x_wconf 72' lang='lat' dir='ltr'>a1·tifeX‚</span> 
     </span>
     <span class='ocr_line' id='line_1_15' title="bbox 169 750 980 803; baseline 0 -13"><span class='ocrx_word' id='word_1_46' title='bbox 169 750 314 791; x_wconf 86' lang='lat' dir='ltr'>Oblita</span> <span class='ocrx_word' id='word_1_47' title='bbox 344 751 545 791; x_wconf 83' lang='lat' dir='ltr'>decorum</span> <span class='ocrx_word' id='word_1_48' title='bbox 573 751 764 803; x_wconf 81' lang='lat' dir='ltr'>regiique</span> <span class='ocrx_word' id='word_1_49' title='bbox 794 751 980 790; x_wconf 86' lang='lat' dir='ltr'>nominis</span> 
     </span>
     <span class='ocr_line' id='line_1_16' title="bbox 169 815 1187 869; baseline 0.001 -14"><span class='ocrx_word' id='word_1_50' title='bbox 169 815 345 856; x_wconf 85' lang='lat' dir='ltr'>Cunctis</span> <span class='ocrx_word' id='word_1_51' title='bbox 374 816 562 866; x_wconf 89' lang='lat' dir='ltr'>verendi,</span> <span class='ocrx_word' id='word_1_52' title='bbox 594 819 805 869; x_wconf 84' lang='lat' dir='ltr'>quotquot</span> <span class='ocrx_word' id='word_1_53' title='bbox 835 817 1060 856; x_wconf 83' lang='lat' dir='ltr'>aethereos</span> <span class='ocrx_word' id='word_1_54' title='bbox 1090 816 1187 868; x_wconf 89' lang='lat' dir='ltr'>polo</span> 
     </span>
     <span class='ocr_line' id='line_1_17' title="bbox 169 880 1047 935; baseline 0.001 -15"><span class='ocrx_word' id='word_1_55' title='bbox 169 881 322 921; x_wconf 87' lang='lat' dir='ltr'>Vitalis</span> <span class='ocrx_word' id='word_1_56' title='bbox 351 895 480 922; x_wconf 87' lang='lat' dir='ltr'>aurae</span> <span class='ocrx_word' id='word_1_57' title='bbox 510 883 687 935; x_wconf 87' lang='lat' dir='ltr'>spiritus</span> <span class='ocrx_word' id='word_1_58' title='bbox 716 883 803 922; x_wconf 85' lang='lat' dir='ltr'>alto</span> <span class='ocrx_word' id='word_1_59' title='bbox 832 880 1047 931; x_wconf 83' lang='lat' dir='ltr'>hauriunt,</span> 
     </span>
     <span class='ocr_line' id='line_1_18' title="bbox 168 945 1118 999; baseline 0.002 -14"><span class='ocrx_word' id='word_1_60' title='bbox 168 945 337 986; x_wconf 87' lang='lat' dir='ltr'>Violare</span> <span class='ocrx_word' id='word_1_61' title='bbox 367 960 544 998; x_wconf 85' lang='lat' dir='ltr'>magnos</span> <span class='ocrx_word' id='word_1_62' title='bbox 573 947 767 998; x_wconf 85' lang='lat' dir='ltr'>gentium</span> <span class='ocrx_word' id='word_1_63' title='bbox 795 946 957 999; x_wconf 78' lang='lat' dir='ltr'>incepit</span> <span class='ocrx_word' id='word_1_64' title='bbox 987 947 1118 987; x_wconf 82' lang='lat' dir='ltr'>duces</span> 
     </span>
     <span class='ocr_line' id='line_1_19' title="bbox 166 1011 1140 1064; baseline 0.001 -14"><span class='ocrx_word' id='word_1_65' title='bbox 166 1011 223 1050; x_wconf 85' lang='lat' dir='ltr'>Et</span> <span class='ocrx_word' id='word_1_66' title='bbox 250 1012 404 1052; x_wconf 78' lang='lat' dir='ltr'>statuit</span> <span class='ocrx_word' id='word_1_67' title='bbox 432 1025 582 1052; x_wconf 87' lang='lat' dir='ltr'>omnes</span> <span class='ocrx_word' id='word_1_68' title='bbox 611 1016 747 1052; x_wconf 89' lang='lat' dir='ltr'>morte</span> <span class='ocrx_word' id='word_1_69' title='bbox 778 1013 1000 1052; x_wconf 84' lang='lat' dir='ltr'>violandos</span> <span class='ocrx_word' id='word_1_70' title='bbox 1028 1012 1140 1064; x_wconf 85' lang='lat' dir='ltr'>pari:</span> 
     </span>
     <span class='ocr_line' id='line_1_20' title="bbox 166 1076 1192 1130; baseline 0.001 -15"><span class='ocrx_word' id='word_1_71' title='bbox 166 1076 222 1115; x_wconf 92' lang='lat' dir='ltr'>Et</span> <span class='ocrx_word' id='word_1_72' title='bbox 249 1076 418 1129; x_wconf 86' lang='lat' dir='ltr'>lougius</span> <span class='ocrx_word' id='word_1_73' title='bbox 445 1078 661 1129; x_wconf 72' lang='lat' dir='ltr'>parcetis?</span> <span class='ocrx_word' id='word_1_74' title='bbox 690 1078 819 1117; x_wconf 88' lang='lat' dir='ltr'>Haud</span> <span class='ocrx_word' id='word_1_75' title='bbox 848 1091 1027 1130; x_wconf 83' lang='lat' dir='ltr'>superos</span> <span class='ocrx_word' id='word_1_76' title='bbox 1056 1077 1192 1126; x_wconf 83' lang='lat' dir='ltr'>timet,</span> 
     </span>
     <span class='ocr_line' id='line_1_21' title="bbox 167 1141 1205 1194; baseline 0 -13"><span class='ocrx_word' id='word_1_77' title='bbox 167 1141 295 1181; x_wconf 83' lang='lat' dir='ltr'>Haud</span> <span class='ocrx_word' id='word_1_78' title='bbox 324 1143 570 1194; x_wconf 83' lang='lat' dir='ltr'>aequiorem</span> <span class='ocrx_word' id='word_1_79' title='bbox 600 1143 823 1182; x_wconf 83' lang='lat' dir='ltr'>eriminum</span> <span class='ocrx_word' id='word_1_80' title='bbox 854 1143 1037 1183; x_wconf 83' lang='lat' dir='ltr'>ultorem</span> <span class='ocrx_word' id='word_1_81' title='bbox 1066 1144 1205 1183; x_wconf 87' lang='lat' dir='ltr'>Deum</span> 
     </span>
     <span class='ocr_line' id='line_1_22' title="bbox 168 1207 1151 1248; baseline 0.001 -2"><span class='ocrx_word' id='word_1_82' title='bbox 168 1207 311 1247; x_wconf 84' lang='lat' dir='ltr'>Etiam</span> <span class='ocrx_word' id='word_1_83' title='bbox 339 1211 587 1247; x_wconf 89' lang='lat' dir='ltr'>monentem</span> <span class='ocrx_word' id='word_1_84' title='bbox 616 1221 763 1248; x_wconf 86' lang='lat' dir='ltr'>rursus</span> <span class='ocrx_word' id='word_1_85' title='bbox 794 1211 835 1247; x_wconf 90' lang='lat' dir='ltr'>et</span> <span class='ocrx_word' id='word_1_86' title='bbox 865 1208 1151 1247; x_wconf 81' lang='lat' dir='ltr'>reverentiam</span> 
     </span>
     <span class='ocr_line' id='line_1_23' title="bbox 166 1272 1022 1325; baseline 0.002 -14"><span class='ocrx_word' id='word_1_87' title='bbox 166 1272 323 1312; x_wconf 87' lang='lat' dir='ltr'>Affinis</span> <span class='ocrx_word' id='word_1_88' title='bbox 353 1277 452 1312; x_wconf 85' lang='lat' dir='ltr'>ante</span> <span class='ocrx_word' id='word_1_89' title='bbox 483 1273 629 1325; x_wconf 80' lang='lat' dir='ltr'>stirpis</span> <span class='ocrx_word' id='word_1_90' title='bbox 660 1277 703 1312; x_wconf 92' lang='lat' dir='ltr'>et</span> <span class='ocrx_word' id='word_1_91' title='bbox 731 1276 797 1313; x_wconf 81' lang='lat' dir='ltr'>tot</span> <span class='ocrx_word' id='word_1_92' title='bbox 826 1274 1022 1325; x_wconf 78' lang='lat' dir='ltr'>sanguini</span> 
     </span>
     <span class='ocr_line' id='line_1_24' title="bbox 165 1337 1275 1390; baseline 0.002 -14"><span class='ocrx_word' id='word_1_93' title='bbox 165 1337 344 1387; x_wconf 85' lang='lat' dir='ltr'>Titulos,</span> <span class='ocrx_word' id='word_1_94' title='bbox 374 1342 510 1387; x_wconf 77' lang='lat' dir='ltr'>notus,</span> <span class='ocrx_word' id='word_1_95' title='bbox 540 1351 778 1390; x_wconf 74' lang='lat' dir='ltr'>sexumque</span> <span class='ocrx_word' id='word_1_96' title='bbox 809 1339 1024 1378; x_wconf 81' lang='lat' dir='ltr'>communi</span> <span class='ocrx_word' id='word_1_97' title='bbox 1053 1338 1275 1378; x_wconf 62' lang='lat' dir='ltr'>additum?</span> 
     </span>
    </p>
   </div>
   <div class='ocr_carea' id='block_1_9' title="bbox 162 1428 1185 1747">
    <p class='ocr_par' dir='ltr' id='par_1_9' title="bbox 162 1428 1185 1747">
     <span class='ocr_line' id='line_1_25' title="bbox 579 1428 818 1468; baseline 0 -1"><span class='ocrx_word' id='word_1_98' title='bbox 579 1428 818 1468; x_wconf 79' lang='lat' dir='ltr'>Stuarta.</span> 
     </span>
     <span class='ocr_line' id='line_1_26' title="bbox 162 1497 1146 1550; baseline 0.002 -13"><span class='ocrx_word' id='word_1_99' title='bbox 162 1497 368 1538; x_wconf 86' lang='lat' dir='ltr'>Miserere</span> <span class='ocrx_word' id='word_1_100' title='bbox 397 1499 551 1539; x_wconf 85' lang='lat' dir='ltr'>saltem</span> <span class='ocrx_word' id='word_1_101' title='bbox 580 1499 749 1550; x_wconf 82' lang='lat' dir='ltr'>generis</span> <span class='ocrx_word' id='word_1_102' title='bbox 780 1503 823 1538; x_wconf 89' lang='lat' dir='ltr'>et</span> <span class='ocrx_word' id='word_1_103' title='bbox 850 1500 981 1550; x_wconf 80' lang='lat' dir='ltr'>regni,</span> <span class='ocrx_word' id='word_1_104' title='bbox 1012 1512 1146 1540; x_wconf 81' lang='lat' dir='ltr'>soror:</span> 
     </span>
     <span class='ocr_line' id='line_1_27' title="bbox 164 1563 1123 1617; baseline 0.002 -14"><span class='ocrx_word' id='word_1_105' title='bbox 164 1563 374 1615; x_wconf 74' lang='lat' dir='ltr'>Quodque</span> <span class='ocrx_word' id='word_1_106' title='bbox 403 1564 628 1605; x_wconf 82' lang='lat' dir='ltr'>ambiisses</span> <span class='ocrx_word' id='word_1_107' title='bbox 656 1565 749 1617; x_wconf 81' lang='lat' dir='ltr'>ipsa</span> <span class='ocrx_word' id='word_1_108' title='bbox 780 1565 989 1605; x_wconf 82' lang='lat' dir='ltr'>consimili</span> <span class='ocrx_word' id='word_1_109' title='bbox 1019 1565 1123 1613; x_wconf 80' lang='lat' dir='ltr'>vioe,</span> 
     </span>
     <span class='ocr_line' id='line_1_28' title="bbox 162 1628 1185 1682; baseline 0.003 -15"><span class='ocrx_word' id='word_1_110' title='bbox 162 1628 332 1668; x_wconf 89' lang='lat' dir='ltr'>Iustum</span> <span class='ocrx_word' id='word_1_111' title='bbox 359 1630 566 1682; x_wconf 87' lang='lat' dir='ltr'>piumque</span> <span class='ocrx_word' id='word_1_112' title='bbox 596 1631 784 1682; x_wconf 83' lang='lat' dir='ltr'>compari</span> <span class='ocrx_word' id='word_1_113' title='bbox 813 1644 1035 1682; x_wconf 85' lang='lat' dir='ltr'>nunquam</span> <span class='ocrx_word' id='word_1_114' title='bbox 1063 1644 1185 1682; x_wconf 82' lang='lat' dir='ltr'>nega.</span> 
     </span>
     <span class='ocr_line' id='line_1_29' title="bbox 164 1693 1012 1747; baseline 0.002 -14"><span class='ocrx_word' id='word_1_115' title='bbox 164 1693 215 1733; x_wconf 90' lang='lat' dir='ltr'>Id</span> <span class='ocrx_word' id='word_1_116' title='bbox 245 1707 322 1734; x_wconf 79' lang='lat' dir='ltr'>rex</span> <span class='ocrx_word' id='word_1_117' title='bbox 350 1709 447 1736; x_wconf 84' lang='lat' dir='ltr'>meo</span> <span class='ocrx_word' id='word_1_118' title='bbox 475 1696 663 1735; x_wconf 86' lang='lat' dir='ltr'>tenellus</span> <span class='ocrx_word' id='word_1_119' title='bbox 694 1710 716 1736; x_wconf 88' lang='lat' dir='ltr'>e</span> <span class='ocrx_word' id='word_1_120' title='bbox 745 1696 850 1736; x_wconf 88' lang='lat' dir='ltr'>solio</span> <span class='ocrx_word' id='word_1_121' title='bbox 880 1699 1012 1747; x_wconf 82' lang='lat' dir='ltr'>rogat,</span> 
     </span>
    </p>
   </div>
   <div class='ocr_carea' id='block_1_10' title="bbox 162 1758 1276 1811">
    <p class='ocr_par' dir='ltr' id='par_1_10' title="bbox 162 1758 1276 1811">
     <span class='ocr_line' id='line_1_30' title="bbox 162 1758 1276 1811; baseline 0.004 -13"><span class='ocrx_word' id='word_1_122' title='bbox 162 1758 213 1799; x_wconf 92' lang='lat' dir='ltr'>Id</span> <span class='ocrx_word' id='word_1_123' title='bbox 243 1773 322 1811; x_wconf 84' lang='lat' dir='ltr'>ego</span> <span class='ocrx_word' id='word_1_124' title='bbox 351 1764 395 1801; x_wconf 86' lang='lat' dir='ltr'>et</span> <span class='ocrx_word' id='word_1_125' title='bbox 422 1762 630 1801; x_wconf 89' lang='lat' dir='ltr'>bonorum</span> <span class='ocrx_word' id='word_1_126' title='bbox 658 1763 803 1802; x_wconf 82' lang='lat' dir='ltr'>turba:</span> <span class='ocrx_word' id='word_1_127' title='bbox 834 1776 888 1801; x_wconf 82' lang='lat' dir='ltr'>ne</span> <span class='ocrx_word' id='word_1_128' title='bbox 919 1762 1099 1801; x_wconf 84' lang='lat' dir='ltr'>exturba</span> <span class='ocrx_word' id='word_1_129' title='bbox 1129 1762 1276 1802; x_wconf 85' lang='lat' dir='ltr'>bonos.</span> 
     </span>
    </p>
   </div>
   <div class='ocr_carea' id='block_1_11' title="bbox 126 1869 1260 1915">
    <p class='ocr_par' dir='ltr' id='par_1_11' title="bbox 126 1869 1260 1915">
     <span class='ocr_line' id='line_1_31' title="bbox 126 1869 1260 1915; baseline 0.005 -6"><span class='ocrx_word' id='word_1_130' title='bbox 126 1869 661 1914; x_wconf 82' lang='lat' dir='ltr'>Soherusberieus.</span> <span class='ocrx_word' id='word_1_131' title='bbox 725 1874 983 1914; x_wconf 83' lang='lat' dir='ltr'>Stuarta.</span> <span class='ocrx_word' id='word_1_132' title='bbox 1047 1875 1260 1915; x_wconf 82' lang='lat' dir='ltr'>Amias.</span> 
     </span>
    </p>
   </div>
   <div class='ocr_carea' id='block_1_12' title="bbox 54 2165 123 2191">
    <p class='ocr_par' dir='ltr' id='par_1_12' title="bbox 54 2165 123 2191">
     <span class='ocr_line' id='line_1_32' title="bbox 54 2165 123 2191; baseline 0.014 -1"><span class='ocrx_word' id='word_1_133' title='bbox 54 2165 123 2191; x_wconf 81' lang='lat'><strong>1060</strong></span> 
     </span>
    </p>
   </div>
   <div class='ocr_carea' id='block_1_13' title="bbox 159 1962 1143 2342">
    <p class='ocr_par' dir='ltr' id='par_1_13' title="bbox 159 1962 1143 2342">
     <span class='ocr_line' id='line_1_33' title="bbox 427 1962 957 2004; baseline 0.004 -2"><span class='ocrx_word' id='word_1_134' title='bbox 427 1962 957 2004; x_wconf 82' lang='lat' dir='ltr'>Seherusbericus.</span> 
     </span>
     <span class='ocr_line' id='line_1_34' title="bbox 163 2025 1038 2079; baseline 0.005 -14"><span class='ocrx_word' id='word_1_135' title='bbox 163 2025 282 2075; x_wconf 80' lang='lat' dir='ltr'>Quae</span> <span class='ocrx_word' id='word_1_136' title='bbox 313 2027 556 2068; x_wconf 82' lang='lat' dir='ltr'>Gallicanos</span> <span class='ocrx_word' id='word_1_137' title='bbox 584 2029 756 2079; x_wconf 87' lang='lat' dir='ltr'>limites,</span> <span class='ocrx_word' id='word_1_138' title='bbox 787 2030 1038 2069; x_wconf 81' lang='lat' dir='ltr'>Hiberniam</span> 
     </span>
     <span class='ocr_line' id='line_1_35' title="bbox 159 2089 1093 2147; baseline 0.006 -18"><span class='ocrx_word' id='word_1_139' title='bbox 159 2089 217 2129; x_wconf 84' lang='lat' dir='ltr'>Et</span> <span class='ocrx_word' id='word_1_140' title='bbox 244 2091 444 2142; x_wconf 85' lang='lat' dir='ltr'>Angliam</span> <span class='ocrx_word' id='word_1_141' title='bbox 473 2105 673 2144; x_wconf 86' lang='lat' dir='ltr'>suprema</span> <span class='ocrx_word' id='word_1_142' title='bbox 702 2094 964 2134; x_wconf 74' lang='lat' dir='ltr'>moderatrix</span> <span class='ocrx_word' id='word_1_143' title='bbox 993 2096 1093 2147; x_wconf 74' lang='lat' dir='ltr'>agit⁷</span> 
     </span>
     <span class='ocr_line' id='line_1_36' title="bbox 160 2154 1055 2208; baseline 0.008 -14"><span class='ocrx_word' id='word_1_144' title='bbox 160 2154 480 2208; x_wconf 88' lang='lat' dir='ltr'>Tranquillitati</span> <span class='ocrx_word' id='word_1_145' title='bbox 510 2157 846 2199; x_wconf 86' lang='lat' dir='ltr'>Christianorum</span> <span class='ocrx_word' id='word_1_146' title='bbox 875 2160 1055 2201; x_wconf 88' lang='lat' dir='ltr'>studens</span> 
     </span>
     <span class='ocr_line' id='line_1_37' title="bbox 160 2219 1143 2273; baseline 0.007 -14"><span class='ocrx_word' id='word_1_147' title='bbox 160 2219 216 2259; x_wconf 88' lang='lat' dir='ltr'>Et</span> <span class='ocrx_word' id='word_1_148' title='bbox 243 2221 380 2273; x_wconf 88' lang='lat' dir='ltr'>primo</span> <span class='ocrx_word' id='word_1_149' title='bbox 408 2222 558 2262; x_wconf 88' lang='lat' dir='ltr'>honori</span> <span class='ocrx_word' id='word_1_150' title='bbox 587 2224 789 2265; x_wconf 81' lang='lat' dir='ltr'>caelitum</span> <span class='ocrx_word' id='word_1_151' title='bbox 817 2226 970 2265; x_wconf 86' lang='lat' dir='ltr'>statuit</span> <span class='ocrx_word' id='word_1_152' title='bbox 1000 2226 1143 2266; x_wconf 83' lang='lat' dir='ltr'>datam</span> 
     </span>
     <span class='ocr_line' id='line_1_38' title="bbox 159 2285 972 2342; baseline 0.009 -18"><span class='ocrx_word' id='word_1_153' title='bbox 159 2285 199 2324; x_wconf 94' lang='lat' dir='ltr'>A</span> <span class='ocrx_word' id='word_1_154' title='bbox 227 2288 494 2339; x_wconf 82' lang='lat' dir='ltr'>congregatis</span> <span class='ocrx_word' id='word_1_155' title='bbox 523 2288 688 2340; x_wconf 86' lang='lat' dir='ltr'>patriae</span> <span class='ocrx_word' id='word_1_156' title='bbox 717 2290 972 2342; x_wconf 88' lang='lat' dir='ltr'>primoribus</span> 
     </span>
    </p>
   </div>
   <div class='ocr_carea' id='block_1_14' title="bbox 159 2349 1282 2410">
    <p class='ocr_par' dir='ltr' id='par_1_14' title="bbox 159 2349 1282 2410">
     <span class='ocr_line' id='line_1_39' title="bbox 159 2349 1282 2410; baseline 0.006 -20"><span class='ocrx_word' id='word_1_157' title='bbox 159 2349 428 2393; x_wconf 85' lang='lat' dir='ltr'>Sententiam</span> <span class='ocrx_word' id='word_1_158' title='bbox 457 2352 502 2392; x_wconf 91' lang='lat' dir='ltr'>in</span> <span class='ocrx_word' id='word_1_159' title='bbox 530 2357 586 2403; x_wconf 86' lang='lat' dir='ltr'>te,</span> <span class='ocrx_word' id='word_1_160' title='bbox 617 2354 763 2405; x_wconf 88' lang='lat' dir='ltr'>Maria,</span> <span class='ocrx_word' id='word_1_161' title='bbox 793 2359 1059 2408; x_wconf 80' lang='lat' dir='ltr'>postremum</span> <span class='ocrx_word' id='word_1_162' title='bbox 1090 2358 1282 2410; x_wconf 85' lang='lat' dir='ltr'>exsequi.</span> 
     </span>
    </p>
   </div>
  </div>
 </body>
</html>
