1696 2676
719 162 975 198 ROVLERWS,
998 163 1106 190 STVA
1114 164 1208 191 RTA.

451 277 542 313 tum
572 274 674 315 foris
708 275 915 315 maiorum
950 277 1170 329 patrisque
1207 278 1404 330 exemplo
1440 278 1636 320 militiam

450 352 562 379 unus
590 343 760 391 praeter
790 343 955 381 ceteros
983 342 1153 382 lautiori
1181 342 1449 383 litteraturae
1478 344 1540 384 sic
1566 357 1634 397 pa-

444 404 684 454 trocinaris,
719 408 769 444 ut
802 419 888 445 non
925 406 1079 446 iniuria
1115 407 1355 447 liberalium
1393 408 1635 449 studiorum

443 474 591 509 auctor
619 470 813 522 plurimis
849 471 1045 511 habeare.
1103 472 1157 512 Et
1193 485 1296 512 sane
1327 474 1363 513 si
1399 474 1482 514 duo
1518 487 1634 526 prae·

385 548 400 571 :3
445 537 564 574 terea
592 535 701 574 tales
729 536 869 575 insula
897 537 1128 587 genuisset,
1159 538 1285 578 multi
1304 552 1388 578 non
1408 539 1634 579 mediocris

364 874 396 897 10

271 961 276 965 .
316 935 404 967 [Aea]

363 1200 396 1224 15

443 599 602 651 ingenii
652 600 846 641 homines
888 614 1001 641 nuno
1043 601 1194 642 inculti
1227 606 1270 643 et
1305 617 1329 643 a
1363 603 1633 656 politioribus

442 664 723 705 humanitatis
753 665 990 718 disciplinis
1010 667 1154 707 nescio
1175 681 1260 719 quo
1282 669 1369 708 fato
1399 669 1528 708 alieni
1546 682 1633 709 non

442 729 567 769 modo
597 730 713 782 ipsas
742 731 908 783 magnis
937 733 1184 787 auctoribus
1213 733 1387 773 adducti
1425 734 1631 786 compleo-

442 798 648 845 terentur,
679 809 827 835 verum
858 800 901 836 et
930 797 1135 838 maiorem
1164 797 1413 838 memoriam
1442 798 1630 839 testimo-

439 859 643 912 niumque
679 861 793 901 vitae
828 862 1012 914 posteris
1041 863 1345 914 relinquerent.
1410 863 1496 903 Sed
1531 877 1628 915 quo-

439 925 554 964 niam
598 939 647 965 ea
692 929 758 966 est
800 930 1041 979 temporum
1079 927 1262 978 malitia,
1306 931 1355 968 ut
1392 941 1503 967 unus
1539 928 1631 968 fere

440 991 718 1042 ingenuarum
755 992 908 1031 artium
939 992 1053 1044 apud
1082 996 1297 1033 nostrates
1326 996 1531 1045 patronus
1561 1005 1628 1032 ex-

439 1055 580 1105 sistas,
624 1056 726 1108 quid
763 1056 846 1096 nisi
883 1057 1010 1097 unius
1053 1070 1178 1109 opem
1222 1058 1458 1110 implorem,
1509 1058 1628 1098 cuius

439 1121 611 1160 nomine
659 1134 885 1173 supremus
927 1125 1048 1162 aetus
1091 1123 1263 1174 reginae
1319 1122 1627 1172 sanctissimae,

438 1198 617 1236 magnus
653 1186 906 1226 excellentis
940 1187 1141 1227 heroinae
1186 1187 1365 1237 animus,
1407 1187 1626 1237 fortitudo,

439 1250 580 1302 pietas
614 1251 801 1291 omnium
830 1252 963 1292 oculis
998 1252 1273 1302 subiciantur,
1304 1257 1352 1292 ut
1383 1256 1482 1292 tuae
1510 1265 1625 1304 prae-

440 1315 588 1355 sertim
623 1319 751 1356 notae
785 1320 828 1356 et
858 1317 1028 1368 generis
1056 1317 1253 1357 homines
1281 1317 1480 1365 habeant,
1511 1317 1626 1368 quod

438 1384 483 1420 et
521 1380 566 1420 in
603 1394 758 1432 magna
794 1382 968 1421 valeant
1013 1382 1183 1422 fortuna
1230 1381 1465 1422 consectari
1502 1385 1546 1421 et
1581 1381 1626 1420 in

441 1445 555 1485 facili
589 1459 731 1486 rerum
766 1446 884 1486 fluxu
914 1460 1010 1486 oum
1040 1447 1273 1488 iucuditate
1304 1447 1531 1487 admirari-2?
