1623 2655
273 86 326 127 16

330 608 343 630 1
348 605 381 629 ss)

330 1250 379 1275 155

332 1576 381 1599 190

336 2156 385 2181 195

680 87 940 124 ROVLERIVS,
968 89 1164 117 STVARTA
1186 91 1212 118 Ι.

418 206 545 246 Iuvat
574 206 793 246 ministros
823 205 996 246 sceleris
1025 204 1069 243 in
1099 205 1274 244 eaedem
1304 219 1455 246 meam.

352 280 381 304 ⁴⁵
419 271 676 312 Absentium
706 284 802 311 cum
831 273 1004 310 maneat
1033 270 1163 310 etiam
1193 271 1343 322 ingens
1372 272 1490 312 favor

417 336 466 377 In
496 338 600 376 urbe
630 339 788 386 nostra,
819 336 893 388 qui
922 336 1041 375 fovet
1068 349 1168 388 spes
1198 337 1407 387 exsulum,

417 402 565 441 Invisa
594 402 779 442 coniunx
808 404 969 453 pereat.
1025 401 1264 441 Havartum
1293 403 1374 442 sibi

417 467 571 507 Carum
601 470 816 518 sequatur.
875 465 1093 518 Quidquid
1127 467 1346 507 excelsum
1382 471 1460 515 est,
1498 469 1620 511 cadat

418 532 470 572 Et
499 536 731 584 antequam
761 545 806 571 se
837 532 977 570 firmet
1007 534 1049 571 et
1077 531 1190 571 vires
1218 536 1359 573 novet.

420 598 599 637 Petatur
627 598 732 649 ipsa,
762 610 816 636 ne
847 596 1142 648 quiescentem
1171 599 1303 648 petat,

419 663 473 702 Et
502 667 663 715 pereat,
694 666 742 702 ut
770 675 854 701 non
884 661 1048 713 perdat.
1106 661 1157 701 In
1186 663 1327 702 medio
1357 663 1482 704 datur

419 728 507 768 Res
534 727 770 780 occupanti.

802 810 1107 851 Dudelaeus.

804 883 937 922 Fama
964 883 1219 934 populorum
1252 883 1382 923 duces

418 949 685 1000 Quandoque
714 951 859 988 terret.

798 1037 1097 1077 Elizabeta.

918 1109 1154 1148 Maximum
1188 1109 1309 1149 nobis
1341 1110 1497 1150 bonum
1527 1113 1607 1161 est,

419 1175 542 1225 Quod
574 1176 685 1215 facta
716 1175 913 1214 dominae
941 1174 1127 1225 populus
1156 1176 1347 1214 assuevit
1375 1188 1498 1215 meus

419 1241 552 1289 Quam
584 1241 692 1280 ferre
722 1244 811 1280 tam
840 1239 1028 1279 laudare.
1087 1238 1199 1288 Quin
1227 1239 1404 1279 meritae
1433 1240 1552 1280 necis

420 1305 649 1357 Mergenda
680 1306 821 1345 fuerat
848 1304 921 1344 illa
949 1304 1063 1344 iusto
1093 1304 1255 1354 funere,

419 1370 464 1410 Si
494 1370 723 1410 Christiani
754 1374 853 1409 vota
880 1370 1115 1421 placuisset
1142 1369 1282 1421 gregis

418 1436 592 1484 Audire,
623 1448 751 1486 quem
780 1448 865 1474 non
894 1435 1227 1485 Anglicanorum
1256 1435 1393 1484 inodo,

420 1500 506 1540 Sed
536 1504 580 1540 et
608 1501 725 1540 fovet
754 1502 932 1551 regnata
960 1500 1183 1539 Gallorum
1212 1500 1338 1552 plaga

422 1565 763 1617 Germaniaeque
794 1570 838 1604 et
867 1565 1102 1604 Flandriae.
1160 1565 1312 1605 Nescis
1341 1566 1454 1605 enim

421 1630 687 1670 Britanniam
716 1629 889 1670 venisse
921 1629 1166 1678 Cavanium‚
1197 1642 1346 1681 preces

420 1696 503 1745 Qui
530 1695 827 1748 postulantum
857 1694 1040 1746 supplici
1069 1707 1251 1746 poenam
1280 1694 1419 1734 ultimi

420 1761 605 1801 Offerret
633 1760 766 1800 olim'?

785 1848 1115 1888 Dudelaeus.

793 1919 910 1959 Nihil
938 1919 983 1959 in
1011 1923 1215 1971 agnatum
1242 1932 1379 1970 genus

421 1986 475 2025 Et
504 1985 547 2024 in
576 1986 840 2037 propinquos
868 1988 1031 2025 temere
1062 1983 1264 2024 constitui
1293 1984 1427 2024 decet.

811 2073 1091 2113 Elizabeta.

423 2139 602 2179 Parcam
628 2138 908 2191 propinquae,
939 2141 984 2178 et
1010 2138 1105 2190 ipsa
1132 2151 1215 2178 non
1246 2137 1382 2189 parsit
1409 2136 1528 2176 viro?

422 2203 612 2244 Patriam
640 2203 890 2256 propinquis
919 2216 1061 2243 nonne
1089 2202 1296 2255 praeferri
1331 2201 1484 2242 decet?

801 2291 1103 2331 Dudelaeus.

424 2357 555 2398 Nefas
583 2357 710 2397 malis
737 2369 891 2397 nocere
921 2356 1124 2408 cognatis,
1153 2359 1269 2408 puta.
