1623 2655
144 85 200 125 60

185 347 253 371 1405

184 766 252 789 1410

184 1182 251 1205 1415

185 1508 254 1533 1420

187 1834 255 1858 1425

161 1896 248 1928 [διὸ]

182 2362 251 2385 1430

544 83 802 122 ROVLERIVS,
826 87 872 115 S's
881 89 1034 115 VARTA.
1057 89 1095 116 V.

712 201 938 242 Stuarta.

290 266 417 306 Haud
446 266 570 306 facile
601 266 769 318 signum
799 267 886 306 tale
915 268 1007 307 sine
1038 271 1156 308 motu
1186 270 1300 310 feras

292 332 345 371 Et
374 331 574 372 memoris
605 331 735 371 animi
764 332 963 372 maximis
993 333 1237 375 affectibus:

288 398 439 450 Neque
471 397 736 437 Christianos
765 396 880 436 aliud
909 398 1120 438 obeuntes
1150 399 1286 440 decet.

707 486 742 525 K
755 487 900 526 entiu
912 500 944 527 s.

291 555 351 593 Vt
381 554 487 594 dura
516 558 663 594 cautes
694 554 880 594 aetheris
909 553 1022 594 ridet
1050 554 1200 603 minas,

291 618 426 659 Cauro
456 619 620 659 resistit
650 622 693 659 et
723 620 988 660 lacessentes
1017 632 1150 671 aquas

289 684 434 735 Longe
464 685 657 733 remittit,
690 685 803 725 dicta
832 685 891 725 sic
922 698 1101 737 spernas
1130 685 1243 725 licet.

292 749 489 790 Caeieste
518 763 677 790 numen
708 763 811 790 voce
841 750 1019 802 placabo
1049 750 1120 802 pia

288 816 680 868 Communibusque
710 817 908 868 precibus
937 816 1165 868 adiungam
1195 830 1327 867 meas,

289 882 344 922 Vt
373 882 417 921 in
446 895 654 934 supernas
684 885 727 921 te
757 884 1009 934 recepturus
1038 882 1186 922 domos

289 947 489 999 Ignoscat
518 947 632 987 idem
661 948 802 987 noxiis
831 948 961 987 iudex
990 948 1087 987 tuis.

710 1037 933 1077 Stuarta.

289 1102 537 1142 Orationem
567 1103 727 1155 pariter
755 1103 920 1154 augebo
951 1093 1102 1143 meam.

345 1168 547 1208 Servator
577 1168 702 1217 orbis,
733 1168 874 1219 gentis
904 1168 1115 1208 humanae
1145 1168 1275 1217 salus,

290 1233 371 1282 Qui
401 1232 631 1285 duplicata,
662 1233 843 1280 Christe,
874 1233 1152 1273 transversim
1181 1234 1302 1273 trabe

289 1297 459 1337 Pendes
491 1302 532 1338 et
564 1299 687 1338 ulnas
715 1299 825 1339 lenis
855 1298 1065 1351 expandis
1093 1302 1217 1351 pater

288 1363 357 1403 Ad
386 1367 428 1403 te
459 1369 655 1414 reversis,
685 1378 762 1416 per
791 1364 905 1416 quod
934 1364 1171 1416 implexum
1201 1366 1365 1417 asperis

287 1429 493 1468 Diadema
522 1442 690 1469 sacrum
719 1430 914 1470 sentibus
943 1430 1093 1482 pungit
1123 1433 1264 1482 caput,

293 1494 374 1534 Per
404 1497 446 1533 et
476 1508 628 1534 manus
658 1495 851 1547 fixosque
882 1495 1131 1547 cuspidibus
1160 1495 1293 1548 pedes

294 1559 516 1612 Hiansque
547 1560 694 1599 lateris
724 1561 899 1600 vulnus:
932 1561 1100 1610 exaudi,
1131 1562 1319 1609 obsecro,

295 1625 345 1663 In
374 1629 510 1665 morte
540 1625 687 1666 solam.
745 1625 973 1677 Sanguinis
1002 1627 1085 1666 fusi
1115 1629 1282 1678 patrem

295 1690 501 1730 Torrenie
532 1703 655 1730 roseo
685 1690 834 1742 mitiga
863 1696 1086 1730 aeternum
1115 1690 1220 1730 mihi

295 1755 359 1803 Et,
390 1768 518 1807 quam
538 1758 688 1808 parato
717 1756 935 1795 victimam
964 1756 1087 1796 altari
1109 1756 1210 1804 fero,

294 1820 484 1860 Immitte
514 1821 631 1861 caelo
661 1821 825 1872 pectori
854 1821 967 1861 vires
995 1834 1141 1870 novas,

289 1884 343 1924 Vt
372 1885 590 1937 religionis
620 1887 775 1926 moriar
805 1886 1010 1926 assertrix
1039 1890 1152 1933 tuae,

289 1950 369 1999 Qui
399 1959 552 1990 cuncta
581 1951 712 1990 iudex
742 1951 932 1991 omnium
962 1951 1079 1991 solus
1110 1955 1245 2004 potes.

485 2064 705 2104 Stuarta.
766 2064 984 2103 Puellae
1015 2064 1154 2103 duae.

714 2153 939 2193 Stuarta.

288 2218 381 2257 Tibi
412 2217 695 2269 omnibusque
725 2218 868 2258 caedis
898 2219 1070 2269 ignosco
1099 2218 1238 2258 libens

288 2282 548 2322 Auctoribus
578 2283 654 2333 (sic
682 2296 841 2322 numen
871 2283 1063 2334 ignoscat
1092 2282 1212 2332 mihi)

289 2347 431 2387 Vnum
461 2348 670 2399 professa:
701 2348 761 2386 nil
791 2348 832 2386 in
864 2351 1044 2399 agnatae
1074 2351 1235 2387 statum
