1623 2655
164 138 220 180 34

221 265 272 291 680

176 598 178 600 ’
219 592 271 617 685

556 137 814 173 ROVLERIVS,
836 138 911 166 STV
918 139 944 165 A
950 138 1041 166 RTA.
1073 138 1136 166 ΠΙ.

313 251 432 301 Quae
462 253 530 292 sat
557 251 766 291 malorum
795 251 1082 292 machinatrix
1110 252 1345 292 facinorum

310 317 410 357 Fuit
438 317 482 356 in
510 317 676 356 ruinam
705 330 843 369 nuper
871 320 915 356 et
945 318 1111 358 cladem
1140 318 1321 369 Angliae

310 382 540 434 Nostrique
570 382 679 422 ritus
708 386 838 434 atque
868 384 1022 434 regalis
1053 383 1215 423 domus.

310 447 511 487 Promisit
539 447 645 487 illud
677 461 806 500 opera
835 448 1016 488 Giffordi
1044 461 1205 498 recens,

310 513 543 565 Perspecta
572 513 691 563 regni
721 526 849 565 quem
881 513 999 553 dedit.
1027 515 1155 554 rebus
1185 514 1292 554 fideS

310 578 410 619 Sive
440 578 676 629 Anglicano
707 579 798 617 sive
830 578 1046 618 Celtarum
1076 579 1177 619 solo.

726 674 762 713 D
772 688 791 713 r
800 688 826 713 u
836 673 877 713 ri
887 689 910 712 u
921 688 951 714 S

308 745 448 785 Effare
478 745 686 797 quinam?

751 834 934 874 Amias.

735 905 867 945 Tecta
896 906 1170 957 profugorum
1201 906 1313 946 colit.

307 970 366 1009 At
394 973 438 1009 at
468 970 718 1019 cavendum,
748 984 802 1010 ne
833 971 929 1022 quis
958 984 1112 1010 arcana
1142 975 1332 1023 occupet.

725 1071 957 1111 Drurius.

267 1190 271 1193 ἡ
312 1142 589 1193 prosequere.
648 1142 787 1182 Locus
816 1142 885 1181 hic
913 1143 1094 1182 arbitros
1123 1143 1264 1183 nullos
1293 1144 1435 1184 habet.

219 1380 269 1404 {390

218 1706 269 1731 695

180 1769 271 1802 [ΕΒΗ]

218 2032 269 2057 ’100

747 1231 932 1271 AmiaS.

310 1301 443 1341 Curas
472 1301 633 1341 ibidem
663 1302 787 1342 fictus
818 1302 1018 1354 exposuit
1046 1316 1146 1343 suas

308 1367 362 1406 Et
392 1369 643 1416 ceterorum,
675 1372 887 1419 quotquot
916 1368 1031 1407 illius
1059 1372 1186 1407 notae

308 1431 493 1471 Restant
522 1433 565 1471 in
595 1433 746 1484 Anglis
776 1437 906 1485 atque
936 1433 1111 1473 servitio
1141 1432 1312 1472 Scotam

308 1497 452 1548 Longo
483 1498 621 1537 teneri
649 1512 725 1550 pro
756 1499 837 1537 fide
870 1504 913 1538 et
943 1512 1072 1550 regno
1103 1498 1261 1537 dolent.

307 1561 431 1602 Hanc
459 1576 585 1614 posse
615 1564 770 1612 forsan,
801 1563 837 1603 si
867 1564 963 1615 quis
992 1563 1199 1603 auxilium
1229 1563 1361 1613 daret,

309 1627 421 1667 Tuto
451 1628 655 1680 expediri.
716 1628 827 1677 Quin
857 1629 1104 1680 peregrinos
1132 1629 1194 1668 ait

309 1693 458 1732 Isthuc
487 1693 715 1733 Britannos
744 1694 924 1733 callidus
954 1707 1099 1733 secum
1129 1706 1253 1744 pares

312 1758 493 1798 Adicere
524 1771 646 1798 curas
674 1758 803 1810 idque
834 1758 1058 1798 consilium
1088 1757 1199 1796 datis

308 1823 621 1863 Communicari
648 1823 815 1872 lit-teris,
847 1836 954 1875 quas
983 1836 1079 1863 cum
1109 1822 1206 1862 dolo

307 1888 464 1928 Elicuit
491 1889 605 1929 idem
635 1889 725 1929 Sive
756 1888 948 1940 Morgani
976 1886 1158 1940 hospitis

307 1954 556 2005 Pagetiique
587 1954 677 1994 Sive
709 1953 933 1994 Glasconis
963 1967 1104 1994 manu,

307 2018 404 2058 Huc
433 2032 529 2058 cum
559 2019 730 2059 tabellis
759 2018 814 2058 ad
841 2019 1131 2058 Babintonum
1161 2018 1282 2058 redit.

722 2120 953 2160 Drurius.

306 2189 361 2229 Et
388 2194 487 2242 post
515 2190 696 2229 tabellas
725 2190 824 2230 inde
854 2191 1042 2243 prolatas
1072 2190 1175 2242 quid
1205 2192 1302 2229 est?

746 2278 930 2318 Amias.

306 2349 441 2401 Ipsas,
471 2349 720 2401 priusquam
749 2362 833 2401 quo
863 2349 989 2389 datae
1018 2350 1187 2388 fuerant
1216 2352 1331 2398 eunt,

306 2414 395 2455 Nos
424 2414 708 2466 pervidemus.
