1696 2676
75 275 107 299 25

76 601 109 625 80

70 927 103 950 35

69 1253 102 1276 40

24 1444 112 1477 [Bia]

67 1579 102 1604 45

69 1905 103 1929 50

68 2231 103 2256 55

419 79 676 115 ROVLERWS,
704 79 900 107 STVARTA
921 79 946 106 I.
1302 79 1353 120 11

144 195 190 235 Si
218 195 502 243 conserantur,
533 195 745 245 quotquot
774 192 988 233 infaustus
1016 205 1113 231 reos

146 260 314 312 Subigit
342 259 468 300 fateri
497 259 675 300 crimina
703 259 950 299 umbrarum
979 256 1149 306 arbiter,

142 325 221 366 Vbi
250 325 524 378 sempiternis
553 325 829 377 Phosphorus
858 324 1009 376 poenis
1037 326 1223 375 praeest,

140 390 476 443 Supereniinebo
507 393 672 439 cuncta,
704 390 776 442 qui
806 390 920 430 veris
949 392 1072 442 pater

140 456 441 496 Adulterinam
470 456 679 508 partubus
708 458 854 495 natam
883 468 1065 507 gravans

137 521 394 573 Aragonidis
422 521 603 573 repudia
632 520 810 573 pensavi
841 534 974 570 meae,

148 586 382 636 Nefandus,
411 587 685 635 incestificus,
717 586 1011 627 exsecrabilis!

138 652 227 691 Nec
255 651 349 704 ipsa
378 652 537 691 frustra
564 665 690 691 versa
717 654 872 691 natura
901 654 968 692 est
997 656 1109 692 retro

138 716 354 769 Fidesque
383 718 523 769 prisca
553 720 597 757 et
624 717 762 769 prima
789 717 954 768 relligio
984 717 1105 757 mihi:

138 782 356 822 Elizabeta
385 787 520 822 matre
550 796 752 833 germana
781 786 874 822 sata
905 786 982 831 est,

138 847 256 897 Quae
286 847 423 900 prima
451 848 596 888 foveat
625 848 778 899 dogma
807 851 1033 899 cognatum
1065 848 1158 895 sibi,

144 913 377 965 Qualisque
407 926 554 953 secum
585 916 652 953 est
680 916 793 963 nata,
824 916 997 953 tueatur
1026 913 1154 952 fidem

139 977 220 1017 Per
248 978 379 1029 flagra
409 982 451 1018 et
486 978 606 1029 ignes
636 982 679 1018 et¹
708 991 876 1018 crucem
901 982 944 1018 et
964 980 1124 1018 ferrum
1153 981 1195 1018 et
1218 983 1351 1020 rotas.

138 1042 273 1093 Quam
305 1043 432 1095 digna
460 1046 642 1096 sceptro,
673 1044 764 1083 sive
794 1044 966 1095 flagitiis
996 1044 1107 1083 calet

138 1108 384 1148 Libidinosa
412 1109 503 1149 sive
533 1109 771 1160 genitorem
801 1122 989 1161 sequens

140 1173 354 1213 Ecclesiae
385 1173 507 1214 audit
534 1174 740 1225 Anglicae
771 1175 909 1214 solum
940 1178 1069 1226 caput

142 1238 360 1291 Supplicia
389 1239 478 1279 sive
510 1240 625 1280 varia
655 1240 843 1292 disponit
873 1241 995 1280 bonis

137 1304 226 1344 Nec
254 1304 437 1345 vinculis
467 1305 671 1345 damnare
701 1319 781 1345 nec
809 1306 896 1346 leto
925 1310 1056 1358 pavet

129 1369 279 1409 Mundi
309 1370 546 1421 magistros,
577 1374 677 1410 ante
706 1370 965 1421 Norfolcum,
997 1372 1143 1412 statim

145 1435 288 1486 Longo
318 1435 536 1476 St-uartam
566 1449 735 1476 carcere
766 1450 1015 1489 oppressam
1046 1442 1087 1478 et
1117 1439 1263 1479 malis!

136 1500 205 1540 Sic
236 1514 335 1552 ergo
364 1506 476 1550 nata,
508 1502 569 1541 sic
598 1515 723 1542 suum
754 1501 897 1542 vincat
925 1516 1061 1554 genus

141 1566 296 1618 Meque
326 1566 599 1607 innocentem
628 1567 758 1607 faciat
787 1572 831 1607 et
860 1569 1010 1608 inausa
1039 1569 1209 1609 audeat.

135 1630 224 1681 Sic,
268 1630 329 1671 sic
363 1635 587 1684 parentem
623 1636 800 1685 superet
829 1633 944 1673 haud
974 1647 1163 1686 unquam
1195 1648 1351 1677 manus

136 1696 272 1736 Tanto
300 1700 497 1737 notatum
526 1698 747 1750 sanguine,
779 1701 824 1738 et
851 1699 1018 1739 Morum
1048 1700 1149 1740 licet

137 1760 476 1802 Obnuntiantem
506 1764 671 1803 facibus
701 1766 744 1803 et
773 1764 923 1804 Roffae
953 1764 1139 1815 Patrem,

135 1826 257 1867 Licet
285 1827 494 1868 Bolenam
524 1829 615 1869 sive
645 1829 920 1869 Titheraearn
950 1843 1107 1882 parens

142 1891 263 1932 Idem
293 1905 342 1932 ac
370 1894 549 1934 maritus
578 1895 748 1946 publice
778 1895 970 1935 dederim
999 1897 1106 1936 neci.

138 1957 229 2008 Age
261 1971 285 1998 o
314 1971 501 2010 propago
531 1959 656 2008 clara,
686 1960 925 2011 genitorem
954 1961 1093 2013 incipe

135 2021 322 2062 Probare
351 2023 488 2073 factis,
518 2024 696 2075 gloriam
726 2037 774 2064 ac
803 2025 954 2066 laudes
983 2040 1101 2067 meas

136 2087 347 2139 Superare
379 2092 423 2128 et
451 2089 613 2141 aliquid
644 2090 797 2139 facere,
828 2095 1003 2143 propter
1032 2092 1147 2144 quod
1178 2096 1305 2145 pater

138 2152 279 2192 Nolim
309 2157 530 2206 superstes
561 2167 668 2195 esse.
726 2155 798 2196 Sic
826 2156 970 2206 facies,
1001 2157 1103 2207 scio,

141 2218 196 2258 Et
224 2219 284 2258 sic
314 2232 360 2260 es
390 2222 494 2269 orta,
525 2220 687 2260 scelere
720 2220 894 2273 defungi
922 2222 1008 2262 levi

137 2283 192 2323 Et
219 2284 379 2324 usitato
408 2287 530 2325 tanta
558 2285 761 2326 nobilitas
789 2287 958 2338 nequit,

138 2348 220 2388 Per
249 2362 377 2402 quam
407 2363 599 2390 meorum
631 2351 866 2392 facinorum
898 2353 1097 2405 exempla
1127 2353 1324 2405 appetis:
