1623 2655
61 316 142 350 [Cla]

89 459 140 484 200

89 884 141 909 205

92 1374 142 1399 ‘210

93 1700 143 1724 215

95 2023 145 2047 220

62 2278 148 2312 [Clb]

98 2417 149 2442 225

432 129 688 163 RovLEmvs,
711 128 917 156 STVARTA.
958 129 983 155 1.
1332 131 1383 170 17

569 242 844 282 Elizabeta.

183 316 264 355 Fas
294 318 360 354 est
386 314 430 354 in
458 314 542 363 illa,
574 313 781 365 quidquid
813 319 878 354 est
908 312 1010 353 alibi
1037 314 1170 353 nefas.

177 379 288 430 Quid
317 379 432 419 enim
459 378 631 430 reliquit
662 378 838 418 crimine
867 379 1077 418 intactum
1106 381 1181 418 aut
1208 379 1282 419 ubi

178 444 338 485 Sceleri
365 444 558 496 pepercit
569 445 590 483 ’ἲ
620 442 854 494 Coniugem
883 446 1019 484 morte
1049 443 1227 483 abstulit

178 511 461 562 Regnumque
490 510 604 550 furto
642 513 683 549 et
714 509 933 561 specimen
962 509 1186 560 antiquum
1216 508 1370 561 imperi

178 576 365 628 Vsurpat
394 579 524 628 atque
554 575 704 615 fraude
735 575 967 626 corrumpit
996 587 1126 615 111605.

177 641 232 681 Et
259 641 399 693 patiar
429 655 524 681 6556
554 654 630 692 per
659 654 802 680 meum
833 640 1034 680 damnum
1064 640 1190 689 viam,

179 706 272 756 Quo
302 706 471 746 Scotica
499 706 619 745 labes
649 705 772 745 avida
803 718 1029 756 regnorum
1058 707 1187 744 ruat?

562 800 865 840 Dudelaeus.

179 872 288 924 Ergo
317 873 572 912 monarchae
601 872 715 912 nilne
746 871 966 911 Gallorum
996 871 1127 920 dabis,

180 938 367 988 Legatus
397 937 509 977 unde
540 938 617 986 bis,
648 941 712 977 ter
742 940 943 988 acceptus
974 935 1085 976 fuit?

183 1003 356 1042 Glorem
385 1002 497 1042 sinet
525 1003 694 1054 perire?

566 1089 845 1131 Elizabeta.

748 1164 860 1203 Num
890 1163 1046 1215 cupiat,
1077 1163 1187 1211 vide,

185 1229 236 1268 Et
265 1229 506 1269 Belliveius
534 1229 643 1269 forte
676 1228 863 1269 colludat
892 1229 1031 1268 simul.

182 1294 263 1344 Qui
291 1307 422 1346 regna
450 1308 551 1335 vero
581 1298 739 1341 nostra,
771 1295 843 1347 qui
872 1295 1004 1333 vitam
1036 1294 1111 1333 viri

181 1359 342 1400 Maiore
371 1373 729 1412 communemque
759 1362 988 1412 procurant
1017 1359 1145 1398 fidem

181 1425 332 1466 Studio
362 1427 407 1465 et
435 1425 632 1475 salutem,
663 1438 771 1477 quos
801 1437 920 1465 sacra
949 1425 1090 1477 specie
1120 1438 1221 1474 rego

180 1490 350 1530 Patriae
380 1504 537 1543 parens
567 1493 611 1531 et
637 1490 807 1542 generis
836 1490 1012 1530 humani
1041 1490 1199 1530 arbitra

180 1556 236 1596 Et
263 1555 381 1608 pacis
410 1559 575 1597 auctor:
606 1559 654 1596 ut
682 1556 802 1596 brevi
830 1558 1071 1596 monstrum
1101 1556 1293 1595 auferam

180 1621 310 1661 Peius
337 1623 534 1662 tumente
563 1622 693 1662 Nerei
720 1622 865 1672 fluctu,
902 1623 1065 1672 rogant.

184 1686 237 1726 Et
265 1686 373 1727 haec
401 1687 573 1728 colonos
602 1690 716 1728 terra
745 1686 1017 1727 commendat
1046 1700 1164 1736 suos,

181 1756 237 1795 Et
265 1756 503 1808 palpitante
533 1754 660 1794 corde
689 1753 838 1805 flagitii
867 1758 985 1793 metu

182 1820 369 1872 Aliquod
398 1822 575 1860 senatus
604 1819 809 1872 prospicit
838 1819 976 1859 sancti
1006 1817 1145 1867 timor,

184 1885 307 1934 Quod
335 1898 462 1937 quam
491 1884 632 1924 minae
662 1885 748 1923 iam
776 1884 951 1936 propius
976 1883 1152 1923 accedat
1180 1883 1355 1935 malum.)

185 1949 397 1999 Quamdiu
427 1950 613 1999 Stuarta,
642 1949 796 1988 mulier
824 1948 987 1989 infandi
1016 1948 1160 1999 ingeni

185 2014 413 2067 Capaxque
442 2015 665 2063 scelerum,
695 2013 867 2053 noxiam
893 2013 1026 2052 vitam
1054 2013 1187 2053 trahit

183 2080 239 2120 Et
266 2079 405 2119 hostis
432 2079 653 2119 hominum
685 2082 728 2118 et
756 2078 957 2118 caelitum
986 2078 1128 2118 lucem
1156 2078 1276 2118 videt

184 2145 379 2197 Odioque
407 2144 542 2184 nostri
570 2144 722 2196 flagrat
751 2147 795 2184 et
823 2143 975 2195 recipit
1003 2144 1127 2184 malis

183 2210 318 2260 Vires,
348 2212 396 2250 ut
424 2209 539 2249 ausit
566 2209 682 2249 orbis
710 2209 888 2261 imperio
918 2208 1026 2249 sacri

186 2275 361 2315 Dudum
388 2274 624 2324 imminere,
654 2273 875 2314 fraudibus
902 2274 1093 2326 geminet
1121 2273 1263 2314 scelus

183 2340 459 2392 Longamque
489 2340 646 2380 seriem
674 2339 922 2389 facinorum,
952 2339 1118 2388 caedes,
1150 2338 1283 2388 dolos,

185 2403 410 2457 Regnandi
438 2418 639 2455 amorem,
669 2405 890 2456 sanguinis
918 2404 1054 2444 diram
1083 2404 1211 2444 sitim.

114 2473 187 2501 Lat.
207 2474 521 2503 Litteraturdenkm.
544 2479 586 2503 17.
1225 2473 1245 2504 2
