1696 2676
221 709 395 750 Nobili
425 712 477 748 et
507 707 741 762 sapienti
771 706 907 756 viro,
938 706 1159 745 Domino
1188 705 1415 745 Antonio

222 774 512 823 Blondelio,
545 773 875 815 Cuinciorum
898 771 1101 811 domino
1132 774 1185 811 et
1215 770 1414 820 baroni,

262 844 497 893 patrono
526 853 644 888 suo,
675 838 952 878 Adrianus
982 836 1041 875 de
1072 836 1297 876 Roulers
1327 835 1370 876 S.

226 929 347 978 Quod
376 929 497 969 nobis
524 928 567 967 in
600 941 716 967 more
748 929 825 975 est,
854 926 918 965 vir
949 925 1225 973 nobilissime,
1256 926 1415 965 littera-

168 1010 183 1031 r,
226 998 294 1034 tae
330 994 542 1034 iuventuti
575 992 815 1033 accuratius
844 991 1091 1031 formandae
1120 990 1236 1030 vocis
1272 990 1417 1031 studio

148 1336 159 1358 ἶ
166 1335 181 1354 Π

225 1059 324 1099 dare
355 1059 596 1111 quotannis,
628 1058 671 1097 id
700 1071 837 1110 nuper
866 1056 920 1096 ad
950 1056 1053 1096 Idus
1083 1055 1350 1108 Septembris
1371 1055 1415 1095 in

224 1124 381 1164 Mariae
399 1123 599 1164 Stuartae
616 1123 840 1164 Scotorum
859 1122 1028 1173 reginae
1045 1122 1205 1173 tragico
1220 1122 1415 1174 martyrii

222 1193 473 1241 argumento
500 1189 755 1241 peregimus.
804 1188 889 1228 Sed
911 1188 1026 1239 quod
1046 1191 1416 1239 contemperaram

224 1254 472 1307 spectaculo
500 1255 761 1307 temporario
791 1257 833 1293 et
860 1252 1018 1293 nostris
1038 1252 1250 1292 institutis
1270 1252 1415 1292 forsan

225 1319 444 1369 idoneum,
480 1320 643 1359 nullam
678 1320 721 1358 in
764 1332 885 1371 spem
924 1323 1157 1370 perpetuae
1199 1318 1307 1358 lucis
1342 1320 1419 1357 aut

223 1385 455 1425 formarum
499 1385 657 1437 quibus
700 1384 987 1424 excuderetur
1025 1382 1290 1435 poematium
1325 1396 1416 1435 pro-

224 1451 456 1491 ferebatur.
505 1449 614 1489 Nam
632 1453 676 1489 et
695 1450 954 1490 characteris
974 1448 1160 1500 dignitas
1181 1462 1277 1488 cuni
1298 1462 1415 1500 argu-

224 1515 359 1556 menti
388 1517 619 1556 maiestate
648 1515 839 1555 nondum
868 1514 1095 1554 coniuncta
1125 1516 1203 1562 est,
1236 1517 1279 1554 et
1305 1528 1330 1554 a
1350 1527 1416 1554 ve-

222 1584 376 1630 terum,
394 1581 469 1633 qui
500 1581 778 1621 severitatem
807 1580 1054 1632 tragoediae
1075 1583 1292 1629 ornarunt,
1323 1593 1417 1619 con-

168 1661 183 1682 ι’.
225 1646 456 1686 suetudine
476 1645 638 1686 invitus
659 1649 703 1686 et
722 1646 925 1686 historiae
955 1645 1193 1685 servantior
1222 1645 1418 1685 nonnihil

223 1711 393 1761 recessi,
415 1724 512 1751 cum
529 1724 582 1751 ex
597 1712 872 1764 probatorum
886 1710 1042 1750 aetatis
1063 1712 1234 1750 nostrae
1252 1710 1417 1750 histori-

230 1789 374 1816 corum
422 1776 580 1817 iudicio
627 1776 833 1828 librisque
873 1775 1122 1828 perscriptis
1165 1781 1418 1827 excerptum

224 1841 371 1881 thema
401 1854 661 1894 componens
690 1842 733 1881 in
762 1842 842 1882 hoc
874 1841 984 1881 vires
1020 1840 1199 1889 intendi,
1236 1844 1282 1880 ut
1312 1840 1418 1880 artis

226 1905 345 1956 leges
375 1909 418 1946 et
448 1911 678 1959 praecepta
707 1920 791 1947 non
829 1907 1065 1958 neglegam,
1105 1905 1207 1945 dum
1237 1905 1417 1945 nimium

153 1985 185 2008 zu»
228 1970 383 2010 studeo
402 1971 588 2021 veritati,
614 1971 825 2011 voluntati
846 1974 945 2011 tuae
967 1972 1145 2011 forsitan
1164 1971 1417 2022 refragatus,

226 2047 279 2074 ne
323 2048 451 2087 quem
500 2036 737 2088 temporius
778 2036 883 2076 eniti
924 2036 1226 2076 contenderem
1268 2039 1419 2089 partus

225 2100 294 2140 vel
324 2100 567 2152 abigeretur
594 2102 663 2141 vel
692 2101 885 2142 informis
913 2104 1121 2154 tantoque
1149 2105 1330 2154 patrono
1359 2101 1417 2140 in-

226 2163 381 2218 dignus
422 2165 563 2206 lucem
605 2167 829 2219 aspiceret.
891 2167 1160 2219 Quamquam
1202 2180 1256 2207 ne
1300 2180 1416 2206 nunc

227 2231 401 2283 quidem
443 2244 467 2271 a
513 2232 790 2284 quantumvis
829 2232 999 2273 candidi
1040 2232 1193 2272 iudicis
1236 2245 1418 2272 censui-a

154 2312 178 2333 ι.
229 2299 350 2337 tutus
371 2309 466 2336 esse
493 2297 641 2349 possit,
671 2297 754 2338 nisi
774 2298 946 2338 omnino
975 2298 1147 2338 nomine
1170 2300 1213 2337 et
1241 2297 1418 2337 auctori-

227 2364 316 2401 tate
331 2361 541 2402 virtutum
557 2367 600 2402 et
616 2362 868 2403 eruditionis
888 2366 988 2403 tuae
1003 2366 1224 2415 tamquam
1238 2364 1420 2414 paterna

228 2438 355 2465 manu
373 2430 600 2477 asseratur,
633 2428 706 2479 qui
727 2432 824 2480 post
845 2429 1164 2479 frequentatam
1185 2441 1281 2467 cum
1304 2427 1419 2468 domi

1210 2510 1249 2542 μ
