1623 2655
187 138 242 177 20
596 135 852 171 RoVLERle,
874 136 1081 164 STVARTA.
1124 136 1145 161 Ι.

247 264 298 289 980
335 249 461 290 Malis
492 249 719 289 domentur
746 262 823 288 nec
854 262 996 288 meum
1026 249 1069 288 in
1100 250 1254 289 solium
1284 250 1471 290 audeant

327 315 539 355 Attollere
569 314 714 354 oculos
743 317 872 365 atque
900 327 977 366 per
1005 327 1169 366 poenae
1199 317 1362 354 metum

332 381 488 420 Parere
518 382 625 419 nutu
654 379 858 431 principis
889 379 1057 419 discant
1086 392 1201 419 suae.

617 503 809 544 Chorus
839 503 1127 554 Anglorum.

331 576 507 615 Publica
537 589 612 627 per
641 587 817 626 magnas
846 574 1006 625 agitare
1037 574 1236 614 licentius
1266 576 1393 616 urbes

327 642 455 681 ‚Sacra
485 640 620 689 decet,
651 653 850 680 resonare
880 639 995 679 cavis
1025 640 1252 680 tinnitibus
1281 653 1391 690 aera,

243 720 294 745 :¹35
333 706 603 745 Inflammare
632 718 771 757 pyras.
830 705 958 745 Pueri
987 704 1148 756 passim
1179 708 1308 757 atque
1338 706 1507 758 puellae

327 772 539 824 Innuptae
569 773 828 823 nuptaeque,
855 783 982 810 senes
1012 770 1288 822 iuvenesque,
1316 774 1533 811 recentem

329 836 558 877 Laetitiam
595 839 809 876 ostentate
845 835 989 876 simul:
1027 835 1126 875 date
1157 836 1277 887 signa
1312 836 1535 876 faventum

324 902 405 941 His
435 902 671 941 animorum
702 914 863 951 omneS,
893 901 1089 952 gaudete,
1121 901 1315 941 extollite
1341 902 1535 941 flammas

659 966 873 1017 Ignesque
903 966 1107 1006 solemnis
1136 966 1236 1017 rogi,

243 1046 294 1071 :90
661 1030 1000 1082 Incendiumque
1031 1031 1187 1071 laetius

657 1095 712 1136 Et
741 1099 937 1135 aestuum
966 1096 1184 1136 volumina

659 1160 786 1202 Caelo
816 1161 985 1201 favillas
1015 1162 1195 1201 efferant

328 1228 381 1267 Et
411 1228 568 1267 circum
598 1226 751 1266 thiasis
780 1226 921 1266 felicia
949 1227 1135 1266 carmina
1166 1226 1279 1267 dicat

327 1293 500 1343 Longus
529 1295 764 1332 amatarum
794 1305 978 1331 nuruum
1008 1304 1103 1330 cum
1134 1292 1341 1332 matribus
1371 1292 1483 1331 ordo.

239 1372 290 1397 :95
436 1358 559 1397 Nunc
588 1359 654 1397 est
682 1356 934 1406 canendum,
966 1370 1078 1396 nunc
1109 1357 1217 1408 pede
1248 1357 1383 1396 libero

435 1422 651 1462 Pulsanda
680 1422 821 1471 tellus,
852 1435 965 1461 nunc
994 1421 1114 1461 ducis
1143 1421 1316 1461 additus

438 1488 577 1527 Astris
607 1487 824 1527 sonandus
854 1487 1080 1527 Helisabes
1111 1487 1256 1527 honor.

333 1553 555 1605 Tympana
584 1552 803 1604 campanis
833 1555 876 1592 et
904 1552 1058 1592 bucina
1088 1553 1235 1591 crebra.
1264 1565 1340 1604 per
1374 1552 1504 1592 aedes

330 1617 547 1658 Londinas
586 1617 793 1657 miscento
831 1630 969 1658 sonos.
1028 1617 1116 1656 Pax
1153 1617 1290 1657 altera
1318 1621 1419 1656 nata
1448 1620 1532 1658 est:

202 1694 289 1726 {Cssal
449 1683 617 1734 Longas
646 1696 670 1722 o
699 1683 862 1723 utinam
892 1685 1082 1734 praestet
1108 1682 1281 1722 amicior

448 1748 604 1788 Herois
633 1748 809 1788 choreas
838 1747 1015 1788 urbibus
1045 1747 1247 1798 Angliae!

447 1813 606 1852 Tutum
635 1826 766 1852 verna
794 1825 926 1864 pecus
955 1816 1079 1864 prata
1107 1812 1389 1864 perambulat,

450 1878 587 1918 Vestit
616 1891 714 1918 rura
743 1877 872 1918 Ceres
902 1881 945 1917 et
974 1878 1086 1918 bona
1115 1877 1345 1927 Faustitas,

448 1943 500 1982 Et
530 1946 682 1995 pacata
710 1947 858 1983 secant
887 1956 1072 1995 aequora
1101 1943 1296 1982 navitae:

226 2022 291 2046 τεοῦ
451 2008 554 2056 Quis
585 2008 755 2048 Gallum
783 2012 951 2061 paveat,
982 2009 1079 2060 quis
1107 2009 1219 2048 mala
1249 2007 1421 2059 Belgiae

446 2072 500 2112 Et
531 2073 759 2113 Germania
788 2087 895 2125 quos
924 2074 1089 2114 hostica
1119 2074 1295 2126 protulit

450 2138 583 2177 Fetus
611 2138 812 2178 incolumi
841 2139 1066 2190 principe?
1097 2139 1201 2188 Quis
1230 2138 1345 2178 ferae

448 2202 611 2253 Regem
641 2207 761 2242 curet
790 2204 1023 2244 Hiberiae?

328 2269 566 2320 Exspectat
594 2267 746 2307 mulier
775 2268 944 2308 Scotiae
975 2269 1177 2308 damnata
1205 2266 1404 2308 securim:

240 2347 292 2371 310
330 2333 429 2372 Vidi
458 2345 536 2384 ego
565 2332 768 2372 iudicium
798 2333 934 2373 valvis
965 2337 1007 2373 et
1034 2332 1079 2372 in
1108 2336 1204 2373 acta
1232 2332 1390 2372 referri.

326 2398 416 2438 Nec
436 2401 679 2438 metuemus
698 2397 810 2437 enim
831 2398 1027 2449 posthac:
1049 2411 1129 2438 nec
1149 2399 1319 2449 sceptra
1336 2395 1531 2436 Britanni
