1623 2655
220 174 272 199 780

220 499 272 524 785

221 825 272 850 790

223 1395 275 1419 795

186 1587 278 1619 [Fla]

225 2003 279 2029 800

227 2329 279 2354 805

571 45 686 72 ROVL
693 44 827 78 ERIVS,
850 44 897 71 ST
903 43 1054 71 VARTA.
1085 43 1145 70 111.

310 159 365 199 Et
393 159 483 199 sole
513 158 672 198 crimen
701 157 856 198 clarius
885 158 1027 198 medio
1057 161 1212 210 patens

310 225 365 265 Et
394 226 606 276 quotquot
634 235 837 274 accepere
867 223 1014 263 furtim
1043 224 1196 263 nuntia

310 290 477 341 Tuique
508 301 720 328 summam
750 288 922 328 audisse
950 288 1097 329 iudicii
1126 292 1251 341 potes

310 354 666 405 Sententiamque
695 353 900 405 principis
928 367 1094 394 necnon
1124 357 1312 406 patrum:

311 420 448 470 Quam
478 431 554 471 per
583 418 812 458 Britannos
841 418 1054 471 imperant
1084 419 1153 459 edi
1182 420 1323 472 palam

312 485 512 537 Populos⁷
542 486 591 523 ut
620 496 768 523 omnes
797 483 962 523 leniant
991 484 1042 524 de
1072 487 1116 524 te
1146 487 1321 535 metum,

310 550 447 600 Quam
478 548 766 601 pertimebant
796 552 839 588 et
868 547 949 589 sibi
980 552 1024 589 et
1052 550 1175 590 nobis
1203 562 1390 601 gravem.

363 614 486 654 Nunc
515 616 574 663 ut,
604 613 855 666 priusquam
885 616 1021 654 morte
1051 614 1243 655 dimittas
1272 615 1400 663 diem,

312 680 492 720 Fateare
522 692 671 729 noxas,
701 678 882 730 aequius
912 693 1093 731 poenam
1124 680 1249 729 feras,

310 745 468 798 Speres
498 744 682 784 amicum
712 758 884 794 numen,
915 744 1109 796 indulget
1139 745 1246 784 duos

310 810 475 862 Regina
504 812 680 862 mystas,
711 811 783 861 qui
813 809 893 849 tibi
921 810 1128 849 auxilium
1159 810 1367 850 adferant.

722 888 964 928 Stuarta

314 960 432 1010 Quae
462 973 610 1000 norma
640 959 767 1008 vitae,
798 972 962 1010 quaeve
992 958 1140 1010 religio
1170 959 1300 998 viris?

678 1036 1018 1076 Buccartius.

316 1108 472 1148 Nostra
502 1121 556 1148 ex
586 1108 773 1160 priorum
803 1108 921 1147 faece
950 1110 1051 1147 nata
1080 1107 1233 1159 purior.

726 1179 756 1218 S
767 1185 785 1218 t
795 1192 821 1217 u
833 1193 858 1218 a
869 1192 889 1218 r
899 1182 917 1218 t
928 1192 963 1219 a.

311 1251 357 1291 Si
387 1264 471 1302 quo
502 1251 738 1290 Tonantem
770 1250 944 1299 scelere,
975 1250 1090 1302 quod
1120 1250 1280 1289 factum
1309 1250 1446 1302 pudet

312 1316 533 1367 Pigetque,
563 1316 669 1356 laesi
699 1316 789 1355 sive
819 1321 1091 1355 communem
1121 1316 1233 1354 malo

314 1381 513 1420 Fortasse
545 1381 701 1420 Christi
730 1380 844 1432 regis
874 1380 1031 1420 offendi
1061 1393 1245 1431 gregem,

311 1445 422 1485 Novi
451 1446 558 1486 satis
588 1458 814 1497 superque.
872 1445 942 1485 Nil
972 1445 1067 1485 istis
1097 1448 1194 1497 eget

313 1510 401 1551 Res
430 1511 537 1551 haec
565 1511 783 1559 ministris,
814 1510 917 1550 hora
946 1524 1025 1550 nec
1054 1524 1258 1562 praesens
1288 1512 1436 1550 monet

318 1575 479 1615 Audire
510 1575 631 1615 tales.

679 1646 1021 1686 Buccartius.

694 1717 841 1757 Colere
872 1717 1039 1757 divinos
1069 1730 1199 1768 negas

316 1783 644 1834 Evangelistas?

732 1854 761 1893 S
774 1856 791 1893 t
803 1867 830 1892 u
841 1867 893 1893 ar
903 1856 922 1893 t
933 1866 968 1893 a.

687 1925 810 1964 Itane
842 1923 1009 1964 divinos
1039 1937 1165 1964 vocas

316 1989 534 2029 Scelerum
564 1989 814 2030 ministros?
842 1989 1001 2040 Agnito
1031 2002 1132 2028 vero
1161 1991 1306 2028 tamen

314 2055 474 2094 Hostes
503 2054 724 2103 nefandos,
753 2054 882 2106 patrii
912 2053 1092 2094 exitium
1121 2053 1213 2093 soli.

316 2119 351 2160 O
380 2132 448 2159 me
477 2120 660 2168 beatam,
690 2119 727 2159 si
756 2119 1023 2159 sacerdotem
1052 2119 1137 2158 mei

320 2185 517 2237 Aliquem
546 2184 733 2223 instituti
763 2184 938 2224 dabitis!
969 2183 1190 2236 Accipiam
1218 2183 1358 2222 libens

316 2250 370 2289 Et
397 2262 475 2302 per
502 2248 692 2301 parentis
722 2248 855 2288 filium
885 2249 1041 2289 summi
1070 2261 1183 2299 rogo,

317 2315 374 2355 Vt
403 2327 523 2355 sacra
551 2313 738 2354 moriens
766 2313 948 2366 mystica
977 2316 1218 2353 extremum
1250 2311 1455 2352 hauriam.
