1623 2655
83 188 136 214 860

86 595 139 620 865

90 921 143 947 870

95 1392 147 1417 875

56 1581 150 1614 [ΕΞΌ]

99 2021 153 2046 880

410 58 671 91 ROVLERIVS,
695 57 902 84 STVARTA.
932 56 994 83 [ΙΙ.
1328 58 1379 98 41

175 174 336 214 Indunt
364 173 468 213 mihi
498 172 798 225 quodcumque
828 171 983 211 sacrati
1011 170 1091 210 viri

174 238 374 278 Renuere
402 250 559 277 nomen
588 236 779 277 muneris
808 249 893 276 non
923 238 991 276 est
1019 236 1116 276 mei.

174 304 272 344 Mea
301 310 364 343 est
392 302 568 343 statutis
597 315 697 342 cura
726 301 1042 353 Christigenum
1073 301 1264 352 obsequi.

538 379 882 419 Buccartius.

179 451 314 491 Nemo
344 451 522 503 ambigit
550 454 719 490 tentare
750 454 792 489 te
823 450 941 501 regni
971 452 1144 497 statum,

176 517 360 557 Studere
390 516 553 556 dudum
583 517 710 556 rebus
741 516 907 555 occulte
938 515 1060 555 novis

177 581 467 622 Praetendere
499 587 541 621 et
572 581 637 621 ius
667 584 937 631 stemmaque
969 582 1012 619 et
1047 580 1202 620 falsum
1235 592 1385 631 genus,

177 647 308 687 Cuius
337 647 529 699 profecto
559 647 732 686 nomine
761 645 996 697 Anglorum
1028 658 1211 697 occupas

178 712 350 764 Insigne
380 725 541 764 regum.
600 711 737 761 Quem
766 714 889 750 tuum
918 709 1054 749 nostri
1083 710 1292 750 ambitum

179 778 333 817 Merito
363 780 566 817 caventes
595 776 793 828 precibus
823 776 987 815 instant
1016 777 1060 814 et
1089 779 1219 823 metu,

178 842 243 882 Ne
273 842 483 883 differeris
512 841 693 893 longius,
724 842 827 893 quin
859 840 1003 880 debita

181 908 293 948 Hinc
322 907 464 947 anima
491 907 593 947 fatis
621 907 665 946 in
694 907 812 946 leves
842 906 969 945 abeat
997 908 1136 955 notos,

179 973 337 1013 Anima
365 972 604 1025 imperandi
635 971 789 1025 cupida
818 984 894 1023 per
922 971 987 1010 fas
1017 974 1062 1010 et
1090 972 1224 1011 nefas.

180 1038 352 1078 Poenae
381 1041 646 1090 expetuntur
676 1050 788 1088 ergo,
818 1051 872 1076 ne
903 1036 1139 1087 Anglorum
1168 1049 1268 1076 ruas

182 1104 371 1144 Patriam
394 1107 437 1143 et
458 1106 651 1155 penates.

599 1174 628 1214 S
642 1177 697 1213 tu
709 1187 733 1213 a
745 1177 791 1213 rt
802 1187 837 1213 a.

669 1245 844 1296 Egone?
861 1244 977 1293 Quos
998 1257 1143 1295 regere
1162 1245 1392 1295 expetam?

182 1311 371 1353 Patriam
401 1311 589 1365 petendo
617 1310 795 1363 perdam
825 1312 869 1349 et
897 1312 944 1349 ut
976 1310 1049 1348 fiat.
1078 1322 1173 1348 mea

186 1378 326 1418 Velim
356 1391 452 1418 esse
481 1377 675 1417 nullam‘.>

548 1443 584 1482 B
596 1456 624 1482 u
633 1456 655 1482 c
666 1455 689 1482 c
698 1455 723 1482 a
731 1455 750 1481 r
761 1442 837 1481 tiu
845 1454 878 1480 s.

710 1501 868 1541 Nostra
893 1502 991 1552 post
1018 1498 1235 1539 Christum
1266 1498 1395 1548 basis,

190 1569 300 1620 Quia
330 1569 604 1622 competitrix
632 1566 785 1620 imperi
814 1564 1008 1618 requiem
1038 1577 1212 1604 amoves

186 1636 427 1677 Securitate
457 1633 711 1687 praepedita
738 1631 945 1684 gentium,

187 1704 336 1744 Monet
365 1704 512 1744 coacta
540 1700 708 1752 legibus
736 1697 894 1737 nostris
924 1697 1042 1735 mori.

456 1773 460 1777 “
603 1772 842 1812 Stuarta.

190 1847 346 1887 Coacta
373 1846 515 1897 regnis
545 1844 681 1884 inhiat
709 1843 860 1882 alienis
889 1841 1046 1882 simul?

544 1932 891 1972 Buccartius.

194 2007 249 2046 Et
277 2018 406 2046 causa
434 2004 584 2057 prima,
615 2016 688 2043 cur
718 2016 840 2054 mage
872 2002 915 2041 in
945 2001 1054 2041 vivis
1083 2000 1224 2040 adhuc

191 2071 270 2111 Vel
298 2083 436 2122 usque
466 2069 654 2108 clausam
684 2072 726 2107 te
756 2065 1084 2118 relinquendam
1112 2067 1263 2116 negat:

191 2137 320 2177 Ritus
348 2134 413 2175 tui
442 2139 486 2175 et
515 2134 684 2173 diversa
711 2132 858 2184 religio
888 2135 1015 2171 nocet

192 2202 374 2242 Nostrae
403 2202 625 2253 superstes
655 2200 699 2238 et
727 2198 853 2238 statis
883 2197 1045 2249 patriae
1076 2195 1219 2236 sacris,

608 2276 637 2316 S
649 2279 667 2315 t
678 2289 706 2315 u
717 2289 742 2315 a
753 2289 773 2314 r
783 2277 801 2314 t
811 2288 847 2315 a.

195 2348 305 2399 Quid
336 2349 573 2388 criminaris
582 2350 602 2387 ·?
632 2347 745 2386 Hinc
773 2358 901 2398 supra
930 2344 1132 2384 meritum
1162 2343 1329 2382 efferor.
