1623 2655
110 822 161 847 315

75 1014 161 1048 [C3b1

108 1148 160 1172 3:20

101 1472 152 1498 325

99 1797 150 1822 330

97 2121 149 2147 335

427 98 684 132 ROVLERIVS,
707 97 913 124 STVARTA.
955 97 980 131 I7
1004 97 1044 124 II.
1359 99 1409 137 21

203 214 394 266 Occupet
422 212 588 265 imperii
617 224 702 251 neu
731 211 947 262 religionis
976 211 1116 250 avitae

193 278 501 319 *Fundamenta
531 280 626 316 ruat
655 276 831 328 papales
860 276 1043 328 amplius
1072 288 1166 315 aras

206 345 475 384 Devenerata
504 343 620 382 focis.
679 342 805 381 Vivet
836 345 961 381 vetus
991 342 1115 381 Albio
1145 342 1320 381 nornen!

439 574 646 614 ACTVS
690 572 1033 614 SECVNDVS.

371 664 597 704 Stuarta
627 676 734 703 cum
764 663 962 702 Medico
992 675 1093 702 suo.

614 740 851 780 Stuarta.

201 808 338 857 Quam
367 819 476 846 vana
506 819 606 857 prae
637 818 682 845 se
713 806 866 845 decora
896 808 1124 856 regnantes
1154 804 1292 843 ferant

200 872 331 911 Flexo
361 871 565 911 clientum
595 871 681 911 late
713 871 875 910 adorati
905 884 1015 921 genu

199 937 252 977 Et
281 936 480 988 dignitati
510 936 710 976 caelitum
740 936 819 975 visi
850 949 975 988 pares

202 1002 387 1054 Soloque
417 1001 632 1041 formidati
663 1004 706 1041 et
735 1001 899 1052 ingenti
929 1001 1030 1049 salo,

198 1067 425 1119 Nunquam
456 1066 573 1106 dedit
602 1066 762 1106 maiora
791 1069 856 1106 tot
884 1067 1041 1106 nostris
1071 1067 1189 1105 Deus

197 1133 405 1185 Exempla
434 1132 599 1172 vicibus
627 1145 706 1171 nec
735 1132 870 1184 magis
900 1132 1044 1171 docuit
1074 1131 1205 1171 duces

194 1197 322 1238 Haud
349 1211 476 1250 posse
506 1201 621 1238 certo
651 1201 819 1250 sceptra
850 1197 1019 1237 fundari
1048 1198 1140 1237 loco

193 1263 331 1313 Quam
358 1276 472 1303 nunc
500 1263 573 1303 ubi
602 1266 796 1303 vertente
826 1264 998 1303 fortuna
1027 1263 1181 1303 obruor

193 1328 395 1381 Expfflsa,
426 1329 623 1381 supplex,
654 1329 756 1377 sola,
788 1328 968 1380 captiva,
999 1328 1188 1380 undique

195 1393 391 1434 Adflicta.
450 1393 631 1434 Centum
662 1407 685 1433 a
714 1394 884 1445 regibus
913 1394 1021 1433 duco
1050 1407 1186 1444 genus

189 1458 285 1498 Huc
314 1472 451 1511 usque
481 1458 639 1500 Scotici
668 1459 787 1499 frena
817 1459 976 1499 inolitis
1006 1458 1098 1507 soli,

191 1524 254 1563 Ex
285 1537 368 1576 quo
395 1523 582 1564 Caledon
613 1524 718 1564 silva
750 1525 832 1564 fert
863 1524 979 1564 caelo
1009 1537 1164 1564 comas

191 1588 498 1641 Quodcumque
528 1592 816 1629 monstrorum
845 1590 965 1639 altor,
1003 1588 1200 1629 Oceanus
1230 1601 1397 1641 pareus,

189 1654 256 1693 Ab
285 1654 386 1694 orbe
415 1656 506 1694 toto
536 1654 690 1694 dividit
718 1654 843 1706 longo
873 1655 1048 1700 ambitu,

188 1718 282 1759 Hoc
311 1732 436 1759 omne
466 1719 624 1760 nostris
654 1720 863 1760 hactenus
892 1721 1042 1760 subest
1071 1719 1181 1768 avis;

188 1784 243 1823 Et
271 1784 480 1836 quidquid
510 1785 730 1825 hominum
759 1785 931 1837 perfluit
960 1784 1134 1836 rapidus
1164 1784 1301 1836 Liger,

188 1848 406 1889 Garumna
435 1850 661 1901 quidquid,
700 1850 909 1902 quidquid
940 1854 983 1890 et
1012 1850 1257 1901 Sequanam
1288 1850 1393 1889 bibit

187 1913 255 1952 Ad
285 1913 470 1961 Scaldin,
501 1928 626 1954 omne
655 1916 735 1955 hoc
765 1916 953 1955 Francus
983 1915 1161 1967 imperio
1190 1928 1313 1955 meus

188 1977 383 2018 Coniqu
412 1981 598 2031 regebat.
657 1979 829 2020 Guisios
859 1981 969 2020 inter
999 1980 1139 2031 (domo

187 2043 396 2094 Materna)
427 2046 469 2083 et
499 2045 628 2084 armis
658 2047 701 2084 et
730 2048 944 2096 potestate
975 2045 1144 2086 inclitos

187 2108 362 2158 Decora,
392 2108 495 2148 felix
526 2110 662 2149 extuli
691 2114 919 2161 augustum
949 2111 1092 2161 decus,

162 2173 333 2214 .Donec
365 2174 517 2214 marito
547 2174 686 2215 decidi
715 2178 759 2215 et
788 2188 934 2216 socero
964 2190 1096 2216 nurus

189 2237 238 2288 (O
268 2239 384 2279 nulla
413 2239 529 2291 lon-gi
558 2241 763 2293 temporis
792 2240 988 2290 felicitas,

185 2302 220 2343 O
250 2302 442 2356 inquieta
473 2305 588 2345 sedis
617 2309 823 2358 augustae
853 2307 990 2359 quies)

184 2367 238 2408 Et
266 2369 405 2421 patria
435 2370 576 2411 ventis
605 2384 733 2423 regna
764 2374 951 2412 remeavi
982 2373 1100 2421 ineis,
