1623 2655
74 477 159 509 [cea]

109 543 160 569 250

111 869 162 894 255

112 1194 163 1218 260

110 1519 161 1543 265

115 1845 165 1869 270

80 2165 169 2199 [C2b]

459 151 716 186 ROVLERIVS⁷
739 150 945 178 STVARTA.
987 150 1010 176 1.
1358 150 1409 190 19

592 264 867 303 Elizabeta.

199 333 384 372 Plutona
413 332 560 379 testor,
591 332 726 369 testor
756 329 930 368 ultrices
960 328 1063 368 deas

198 397 252 437 Et
280 396 477 448 quisquis
506 395 593 434 illic
622 394 831 446 anguibus
860 394 993 433 nectit
1024 406 1207 433 comam:

198 462 316 503 Nihil
344 461 498 513 reliqui
527 461 725 500 inausum
756 462 800 499 et
829 460 912 499 huc
942 473 1077 511 usque
1108 458 1251 498 01111113

199 528 408 580 Experior
438 527 568 574 intus,
599 526 748 565 funere
779 528 825 564 ut
856 525 1007 564 merito
1037 528 1167 577 caput

197 593 436 644 Vtrumque
465 591 655 644 perdam,
687 591 832 640 filium⁷
863 593 1067 641 agnatum
1098 589 1210 639 licet,

197 657 393 707 Matrem,
425 670 626 697 sororem.
685 656 806 695 Fecit
835 655 1035 707 impietas
1064 669 1200 706 genus

197 723 268 763 Nil
297 722 525 763 aestimari.
587 722 718 761 Nemo
748 725 816 761 sat
844 724 938 760 tuto
968 721 1087 760 favet

198 788 396 841 anuam
425 787 689 840 propinquis,
720 786 842 838 peius
872 789 915 825 et
943 785 1048 825 tecti
1077 788 1247 825 nocent.

200 854 318 893 Deus
348 856 441 892 esto
470 852 607 902 testis,
638 852 673 892 si
702 852 799 904 quis
827 852 934 892 haec
963 851 1083 890 audit
1112 852 1231 902 (leus,

199 919 254 959 Et
283 918 492 971 quidquid
531 931 712 969 usquam
750 917 945 957 consciae
984 917 1142 956 mentis
1177 918 1288 956 116116
1326 918 1408 966 est,

199 984 341 1024 Testis
370 983 477 1023 fides
506 997 659 1023 arcana
688 985 732 1022 et
762 983 1003 1022 exstinctus
1034 982 1189 1034 pudor:

200 1050 270 1089 Sic
299 1062 367 1088 me
397 1049 647 1093 necandam,
679 1048 813 1087 Maria
842 1048 885 1087 111
916 1048 977 1087 516
1006 1048 1185 1090 occidat.

200 1114 287 1154 Sed
314 1114 406 1166 ipse
435 1114 591 1158 malim,
622 1113 659 1153 si
688 1113 784 1164 quis
815 1116 891 1162 est,
923 1113 1040 1152 caelo
1072 1116 1226 1154 tonans

200 1179 340 1219 Meme
371 1179 469 1230 igne
499 1178 622 1218 Tullo
653 1192 893 1231 comparem
925 1178 968 1217 in
998 1179 1166 1219 cineres
1195 1182 1310 1219 terat

199 1243 456 1296 Reddatque
486 1244 631 1292 nihilo,
663 1257 771 1295 quae
803 1243 934 1283 decus
963 1244 1211 1284 Britanniae

199 1309 253 1350 Et
280 1309 517 1350 insularum
546 1309 708 1349 1111111113
737 1309 927 1360 imperiis
957 1322 1034 1360 ago

197 1375 406 1427 Aequalis
435 1375 574 1424 astris,
605 1375 695 1415 sola
724 1374 929 1414 nobilium
959 1378 1113 1425 potens

199 1440 305 1480 Late
334 1440 521 1480 virorum
553 1440 736 1489 domina,
767 1453 894 1491 quam
926 1443 1067 1480 cesset
1097 1440 1231 1491 magis

199 1505 313 1545 Iram
343 1505 530 1558 expiare,
562 1519 672 1557 quae
703 1505 774 1545 diu
804 1505 972 1555 meruit,
1003 1519 1155 1555 11163111,

199 1571 312 1611 113111
341 1571 384 1610 111
414 1575 620 1611 nocentes
650 1584 779 1623 saepe
809 1570 1047 1623 patientem
1077 1571 1216 1620 nimis,

201 1636 312 1675 Dum
343 1649 423 1676 1166
452 1650 575 1677 cruor
604 1636 839 1676 catholicus
868 1649 1071 1676 accensas
1101 1636 1217 1676 faces

201 1701 449 1753 Exstinguit
477 1702 520 1741 in
549 1714 626 1742 nos
656 1715 736 1742 nec
764 1714 868 1741 nece
898 1701 1093 1740 horrifica
1122 1701 1248 1741 rubet

203 1766 507 1819 Quaecumque
537 1767 666 1806 tellus
696 1767 882 1807 asseclas
911 1779 1046 1818 papae
1077 1767 1188 1805 tulit.

203 1831 404 1872 Exsultat
431 1833 505 1872 illa
534 1832 692 1872 saeculi
723 1832 857 1872 nostri
887 1832 1009 1871 bonis

205 1895 413 1948 Corrupta
442 1899 568 1937 turba
596 1911 675 1937 nec
704 1897 818 1949 capit
845 1897 1117 1937 clementiani

204 1959 377 2012 Ingrata
406 1966 598 2002 nostram
627 1976 706 2002 1166
734 1964 878 2014 potest
907 1975 1057 2014 pacem
1086 1962 1188 2014 pati,

204 2024 290 2065 Sed
320 2025 513 2078 inquieta
542 2028 677 2066 fertur
706 2028 748 2066 in
777 2039 984 2079 praeceps
1013 2027 1097 2067 levi

204 2090 315 2131 Hinc
345 2092 602 2141 temeritate,
632 2092 796 2144 rapitur
824 2092 922 2132 hinc
951 2092 1141 2133 audacia..

207 2156 410 2197 Admissa
439 2157 634 2209 quamvis
663 2160 799 2197 morte
828 2156 969 2210 puniri
997 2171 1149 2210 parum
1179 2161 1257 2207 est,

201 2221 406 2263 Graviora
436 2222 634 2275 quamvis
662 2223 854 2275 postulat
881 2226 1054 2263 sontum
1084 2223 1238 2271 5661115,

203 2287 342 2328 Duros
372 2288 507 2328 dolori
536 2288 712 2340 spiritus
740 2287 923 2328 reddant
951 2302 1047 2329 meo

204 2351 403 2404 Iramque
433 2356 622 2394 nostram
653 2353 858 2405 sanguine
889 2354 1166 2405 exstinguant
1195 2353 1338 2405 placet

198 2415 253 2456 Et
280 2420 329 2457 ut
357 2418 461 2470 ipsa,
491 2418 612 2458 6111115
642 2417 784 2458 onmia
813 2420 1045 2470 exsuperat
1074 2419 1201 2468 furor,

1220 2486 1262 2509 021<

1220 2508 1240 2519 -a
