1623 2655
183 71 238 111 22

240 198 293 222 340

199 458 286 488 1('4a]

239 849 290 874 350

238 1175 290 1200 :555

240 1501 293 1525 360

245 1825 297 1851 36⁵

204 2148 295 2181 [C4b]

579 69 837 104 ROVLERIVS,
860 68 1066 96 STVARTA.
1106 69 1149 95 Π.

330 182 481 234 Regna
509 182 736 235 impiorum
767 182 977 233 dogmatis
1007 182 1243 234 deperdita.

330 248 412 297 Qui
441 251 543 287 tunc
573 260 715 286 meum
744 247 908 299 petiere
937 247 1165 287 conubium
1196 248 1324 300 proci,

328 313 583 364 Priusquam
613 312 798 352 eundem
827 325 1020 364 premere
1051 312 1259 353 Darlaeus
1288 316 1431 353 torum

330 379 387 417 Et
417 378 555 417 facere
584 380 765 417 matrem
796 381 945 429 posset
972 378 1122 417 infelix
1153 381 1283 427 tuam,

327 444 481 484 Iacobe
511 443 582 493 fili,
613 443 680 483 cui
709 443 836 482 nimis
866 445 1023 491 metuo,
1053 443 1181 483 nimis

248 524 290 548 ,ὖ
326 509 395 548 Ab
424 509 709 560 impotentum
739 508 936 547 manibus
965 508 1202 558 homicidis,
1233 509 1388 560 quibus

328 573 440 614 Huic
470 573 617 613 vertici
647 572 844 612 diadema
873 572 1112 613 detractum
1140 574 1264 625 geris,

327 639 392 678 Tu
422 652 497 678 rex
526 638 642 678 inani
670 638 860 677 nomine:
891 637 921 676 ii
950 651 1096 689 regum
1128 639 1258 679 duces

327 704 396 743 Ad
427 703 658 743 arbitratus
688 706 841 743 cuncta
870 703 1146 742 moderantur
1175 716 1286 744 suos.

328 769 482 808 Testor
510 768 750 808 Tonantem
779 768 870 808 iure
900 781 985 808 non
1016 769 1230 820 placidum
1260 769 1377 818 mihi,

328 833 410 872 Vbi
440 834 609 874 Scotica
637 833 783 872 divum
813 833 974 885 templa
1004 837 1247 885 spretorum
1277 834 1439 883 iacent;

328 899 482 939 Testor
510 899 651 938 mariti
679 899 901 950 pulverem
931 899 1124 951 oppressi
1154 899 1279 950 rogis,

328 963 466 1013 Quem
497 964 665 1004 subitus
694 964 803 1015 ignis
831 967 946 1004 tecto
976 964 1273 1015 Edemburgae
1304 964 1460 1014 obruit,

328 1029 469 1068 Tuum
498 1033 678 1081 patrem,
708 1029 873 1079 Iacobe,
905 1028 1079 1069 delicias
1109 1043 1247 1069 meas:

327 1094 424 1149 Non
455 1098 520 1134 est
549 1108 699 1134 recens
728 1094 796 1134 hic
823 1094 915 1146 ipse
946 1108 1030 1146 quo
1059 1108 1196 1146 paveo
1225 1098 1379 1136 metus.

329 1159 424 1199 Tibi
453 1160 659 1199 timebam
687 1172 883 1212 namque,
915 1172 1010 1199 cum
1041 1160 1230 1199 nonduin
1260 1161 1373 1200 fores

328 1225 383 1264 Et
412 1238 509 1264 cum
538 1225 655 1265 necis
684 1228 845 1265 terrore
875 1225 1052 1265 Davidis
1082 1226 1167 1264 inei

328 1290 412 1329 Vix
441 1304 526 1330 non
556 1291 772 1342 abigerem
802 1290 994 1329 debitum
1024 1294 1193 1341 partum
1225 1290 1377 1339 Scotis,

330 1355 413 1395 Pro
443 1368 526 1407 quo
556 1369 711 1407 parens
739 1355 983 1395 miseranda
1012 1359 1077 1395 tot
1108 1369 1234 1395 casus
1263 1355 1345 1405 adi,

328 1420 430 1460 Sive
460 1420 703 1460 immineret
732 1420 885 1460 tertius
914 1421 1036 1461 nobis
1065 1421 1224 1473 hymen

330 1485 386 1525 Et
413 1486 634 1538 parricida,
665 1499 773 1537 quos
804 1486 928 1526 modo
958 1487 1139 1534 orbarat,
1172 1487 1287 1535 toris,

329 1550 417 1590 Seu
446 1551 627 1590 vinculis
657 1551 711 1590 ad
739 1551 856 1591 iussa
885 1565 1077 1591 servarer
1106 1552 1227 1592 nothi

329 1616 516 1656 Tantum
545 1619 747 1656 cruentae
777 1619 948 1668 tempus
978 1618 1206 1669 opperiens
1235 1617 1364 1666 necis,

328 1680 416 1720 Seu
445 1681 608 1733 perfida
636 1682 749 1721 inter
777 1695 893 1721 arma
922 1682 1207 1733 perduellium

328 1745 515 1786 Conarer
543 1747 669 1787 urbes
698 1760 803 1799 pace
832 1747 967 1786 moliri
999 1747 1111 1786 bona

334 1811 561 1864 Tuumque
591 1812 696 1852 solio
726 1825 917 1852 asserere
947 1812 1141 1864 proavito
1171 1815 1311 1864 eaput.

329 1876 365 1916 O
394 1877 479 1917 iam
509 1878 734 1917 Scotorum
762 1877 926 1929 reliqua
955 1890 1066 1929 spes,
1097 1877 1271 1929 sanguis
1300 1890 1436 1926 meus⁷

331 1942 448 1981 Dent
476 1943 565 1982 fata
594 1943 725 1982 fluere
755 1955 883 1994 quam
912 1945 1012 1982 tuae
1043 1942 1181 1990 matri,
1212 1956 1329 1994 puer,

329 2006 590 2047 Secundiore
620 2012 774 2047 cuncta
802 2020 1001 2047 successu
1033 2007 1129 2047 tibi!

383 2071 508 2111 Prius
536 2072 620 2111 diei
650 2076 765 2112 meta
795 2075 1022 2125 componat
1053 2073 1212 2124 polum,

335 2136 473 2187 Quam
503 2136 599 2188 quis
628 2137 835 2176 malorum
865 2137 1011 2177 audire
1040 2140 1283 2177 nostrorum
1312 2148 1464 2185 moras,

326 2202 417 2254 Ego
447 2214 613 2242 summa
642 2202 801 2253 possim
831 2202 1033 2253 persequi
1064 2201 1263 2252 vestigia;

326 2267 432 2317 Quis
463 2266 576 2306 enim
604 2266 776 2306 scelesti
805 2267 945 2306 fratris
976 2270 1020 2306 et
1050 2267 1218 2318 parium
1248 2266 1369 2305 nefas

325 2333 379 2372 Et
408 2331 669 2372 asseclarum
699 2331 856 2371 veteris
886 2332 1057 2371 evolvat
1086 2332 1200 2380 mali,
