1623 2655
136 57 192 98 40

197 392 250 417 835

202 821 255 846 840

206 1151 258 1176 845

170 1473 261 1507 [F2a]

214 2000 270 2025 855

520 56 779 92 ROVLERIVS,
808 57 1016 85 STVARTA.
1052 54 1114 82 111.

644 172 986 213 Buccartius.

287 248 379 288 Tua
408 256 481 288 aut
510 252 681 288 tuorum
710 250 870 302 scripta
898 254 1113 292 testantur
1141 253 1267 293 satis:

287 313 341 353 Et
369 313 660 366 deprehensas
689 314 743 354 ad
772 328 925 355 manus
955 317 1163 369 epistulas

288 379 481 430 Morgani
511 380 719 419 habemus
749 383 792 420 et
821 381 1052 421 Babintoni
1082 386 1125 422 et
1153 387 1251 424 tuas

289 444 554 496 Pagetiique,
586 445 709 497 queis
738 445 934 485 alebatur
962 447 1115 487 scelus.

706 540 943 581 Stuarta.

289 611 357 651 Ita
386 625 453 650 1116
484 612 527 651 111
557 611 730 652 sinistra
759 615 872 652 sorte
903 613 1112 653 caelestes
1142 617 1287 654 ament

290 676 345 716 Et
374 677 457 725 1116,
489 678 567 717 sub
598 690 682 728 quo
712 678 799 717 tale
829 677 988 729 patrari
1018 678 1124 718 nihil

291 742 472 794 Impune
502 743 650 794 possit,
681 743 840 782 arbiter
869 743 986 782 fandi
1015 757 1189 793 memor,

293 807 459 847 Memor
487 808 679 848 nefandi:
710 808 829 847 nulla
858 822 925 847 me
958 808 1084 849 ullius
1113 809 1201 849 doli

293 875 484 925 Arguere
514 873 627 925 potis
658 876 724 913 est
753 873 916 913 dextra.
974 874 1044 913 Nil
1075 875 1187 914 movi
1217 875 1391 927 quidem

292 939 489 992 anuam
519 939 564 978 in
592 939 777 979 salutem
807 942 850 978 et
878 952 1035 979 nomen
1064 943 1244 991 agnatae
1274 953 1404 980 soror.

294 1005 339 1045 Si
369 1004 472 1058 quid
501 1005 585 1044 mei
615 1004 835 1056 scripsere,
858 1005 1070 1057 captivam
1088 1005 1160 1044 diu

295 1071 388 1121 Quo
418 1070 626 1110 servitute
656 1070 874 1109 solverent
902 1069 956 1109 ad
985 1070 1167 1122 pristina

296 1136 367 1176 Me
397 1136 490 1175 iura
518 1134 743 1183 libertatis,
773 1135 816 1174 id
846 1135 954 1174 clam
985 1148 1052 1174 me
1082 1135 1186 1184 fuit;

297 1201 570 1253 Rursumque
600 1203 736 1240 testor
764 1213 902 1249 omne,
933 1200 1048 1252 quod
1080 1203 1275 1240 sanctum
1307 1203 1384 1249 est,
1421 1213 1503 1252 ego

296 1266 482 1318 Verique
512 1278 673 1317 poenas
702 1265 890 1305 criminis
920 1264 1042 1305 divos
1070 1278 1184 1316 rogo,

299 1332 344 1371 Si
373 1345 441 1371 me
472 1333 695 1383 patrarunt
726 1329 896 1370 conscia
924 1332 1154 1382 quicquam
1184 1329 1279 1370 mei.

299 1397 386 1437 Sed
416 1397 529 1436 enini
559 1397 750 1448 profecto
779 1409 864 1447 quo
893 1395 986 1435 1000
1015 1408 1138 1446 reges
1167 1395 1320 1443 forent,

302 1462 383 1512 Qui
413 1464 665 1513 cogerentur
694 1462 812 1501 luere
842 1461 1100 1500 famulorum
1129 1460 1279 1500 dolos?

300 1527 390 1567 Nec
419 1527 579 1579 aliquid
609 1539 736 1566 ausos
766 1526 852 1566 tale
882 1539 962 1565 nec
991 1539 1117 1578 posse
1147 1526 1339 1566 arbitror.

301 1593 583 1633 Exaniinnndi
613 1605 737 1644 porro
767 1591 960 1631 cieantur
988 1591 1127 1631 velim.

737 1693 932 1732 Amias.

301 1759 559 1800 Nocentiun]
590 1762 759 1799 secreta
787 1761 1049 1798 tormentum
1080 1755 1281 1796 extrahit.

667 1847 1010 1888 Buccartius.

304 1921 362 1961 Es
391 1934 517 1973 passa
547 1919 631 1959 dici
661 1918 832 1959 domina
860 1921 1103 1958 nostratum
1131 1918 1340 1957 hactenus

308 1986 366 2026 Et
394 1985 593 2033 ambusti,
625 1985 739 2037 quod
768 1985 1008 2025 Lodovicus
1037 1984 1161 2033 solet,

308 2051 431 2101 Quod
460 2051 521 2090 sic
548 2053 592 2090 te
622 2051 786 2090 Alanus
815 2064 911 2090 cum
941 2049 1030 2090 suis
1059 2049 1289 2089 inscribere

308 2118 453 2169 quue
484 2116 610 2156 titulo
640 2116 733 2155 vult
761 2115 1027 2167 frequentari
1056 2127 1156 2154 suas

309 2181 479 2222 Pridem
508 2194 584 2233 per
614 2181 740 2220 urbes
771 2180 965 2231 pontifex
993 2193 1070 2233 pro
1098 2182 1143 2218 te
1172 2190 1333 2230 preces.

725 2268 755 2308 S
766 2271 784 2308 t
794 2282 822 2307 u
833 2281 857 2308 a
868 2282 889 2308 r
898 2270 917 2307 t
928 2282 963 2310 a.

310 2343 620 2394 Quodcumque
650 2341 702 2381 de
733 2352 800 2378 me
830 2340 981 2379 statuit
1012 2337 1228 2378 Ausonius
1257 2338 1391 2388 pater,
