1623 2655
205 74 259 114 44

219 262 312 296 [F4a]

266 396 318 421 955

262 1090 315 1115 960

264 1517 317 1542 965

263 1845 314 1869 970

221 1907 314 1940 [F4b]

264 2171 317 2195 975

559 74 817 109 ROVLERIVS,
840 74 1046 102 STYAHTA.
1078 75 1139 109 ΙΙΙ,
1162 76 1216 103 IV.

353 186 626 239 Spernerent,
657 187 693 227 si
722 187 819 239 quis
848 187 1045 228 diadema
1074 202 1224 241 eampo

495 252 716 292 Sterneret
745 255 901 293 aust-er.

353 316 500 366 Qualis
528 317 688 357 iniusta
717 317 949 358 dominaris
977 320 1086 368 aula,

356 382 578 434 Principes
607 383 824 434 quondam
854 383 1032 424 meliora
1060 385 1190 425 talem

353 447 451 487 Iura
481 447 682 487 viderunt
709 448 881 499 gemino
912 448 1132 489 Stuartam

495 513 646 553 Dicere
676 526 821 564 regno.

592 709 810 749 ACTVS
851 709 1179 760 QVARTVS.

343 839 538 878 Amias.
597 839 831 880 Stuarta.
890 841 1146 881 Medicus.
1205 841 1423 881 Chorus.

792 941 976 982 Ainias.

354 1011 533 1060 Quando
564 1011 701 1063 parari
731 1013 893 1052 monita
923 1015 967 1053 et
996 1017 1238 1054 extremum
1269 1014 1354 1054 tuis

352 1076 507 1116 Dolere
537 1077 662 1117 factis
693 1081 736 1117 et
764 1078 890 1118 fateri
919 1078 1096 1118 erimina

354 1141 424 1182 Nil
453 1145 569 1182 mota
598 1146 763 1195 mystas
791 1144 981 1184 abnuisti
1010 1144 1192 1194 deditos,

355 1207 519 1258 Regina
550 1221 683 1260 ponas
713 1208 855 1259 regios
884 1209 1026 1248 cultus
1054 1209 1176 1249 iubet

355 1272 595 1325 Velumque
625 1273 745 1313 laxes
776 1273 941 1314 decoris
970 1274 1138 1325 insigne
1168 1275 1303 1315 incliti

356 1338 532 1378 Deiecta
560 1338 783 1390 dignitatis
813 1353 835 1379 e
866 1340 1049 1392 fastigio.

776 1434 997 1474 Stuarta.

356 1503 647 1555 Quisquamne
678 1505 810 1545 sacris
838 1506 1010 1557 regibus
1039 1506 1221 1558 primani
1251 1507 1417 1546 auferat

353 1569 680 1619 Auctoritatem,
711 1571 852 1622 capita
881 1572 955 1622 qui
985 1584 1152 1612 summa
1181 1571 1370 1611 omnium

353 1634 480 1674 Privo
510 1637 710 1687 potentes
740 1636 843 1685 iure,
875 1636 989 1687 quod
1018 1637 1196 1688 reliquis
1225 1637 1333 1676 solet

351 1700 471 1740 Iuste
500 1701 659 1752 negari,
689 1701 783 1752 lege
813 1701 944 1752 regali
974 1701 1203 1741 obtinent?

352 1765 475 1814 Quod
503 1765 594 1805 iure
624 1766 747 1806 nobis
776 1765 933 1806 detulit
960 1780 1113 1818 magno
1143 1767 1276 1807 Deusv

352 1830 441 1870 Soli
470 1831 561 1871 Deo
590 1831 749 1871 referre
779 1844 876 1871 cum
905 1833 995 1872 vita
1025 1834 1175 1872 vetas?

354 1898 421 1935 An
452 1899 594 1936 vestra
622 1897 821 1949 princeps
851 1900 981 1949 atque
1011 1897 1238 1938 concilium
1267 1896 1448 1948 Angliae

351 1962 405 2000 Et
434 1961 606 2013 aliquod
634 1962 677 2001 in
707 1975 774 2002 me
804 1962 870 2003 ius
900 1963 1061 2003 habent
1089 1963 1161 2003 alii
1190 1962 1322 2002 duces

353 2026 407 2066 Et
435 2040 459 2066 a
488 2027 708 2068 catholicis
738 2028 925 2080 separati
955 2028 1151 2068 iudices?

353 2091 512 2139 Nolint,
542 2092 695 2132 velint:
726 2094 874 2145 regina
903 2093 1073 2133 decrevi
1102 2093 1221 2141 mori,

355 2156 520 2208 Regina
548 2157 723 2206 moriar3
755 2161 799 2197 et
827 2158 974 2208 velint,
1004 2158 1158 2198 nolint:
1191 2171 1261 2197 ero

353 2222 544 2274 Semper,
574 2235 653 2262 nec
681 2222 764 2262 alia
793 2236 860 2263 nie
890 2226 1107 2275 potestate
1137 2222 1380 2275 oppriment

352 2287 489 2336 Quam
509 2300 681 2327 nemore
702 2300 829 2327 caeco
849 2288 1086 2341 principem
1106 2301 1321 2339 quemque
1342 2287 1554 2340 optimum

352 2353 479 2392 Saevi
508 2352 708 2393 latrones.
768 2353 945 2392 Interim
975 2366 1100 2405 spero
1132 2353 1282 2402 Deum,
