1696 2676
486 93 744 129 ROVLERlvs,
772 94 979 121 STVARTA.
1390 96 1412 134 7

218 208 466 250 custoditur.
529 208 567 247 A
601 207 792 247 Moravio
833 206 1047 259 parricidii
1087 210 1334 247 accusatam
1370 211 1415 247 et

218 275 440 315 absentem
470 272 665 313 defendit
693 273 950 313 Amiltonus.
1000 272 1219 312 Hauartus
1248 271 1411 312 Norfol-

218 340 308 380 ciae
337 339 427 379 dux
451 338 490 378 in
511 351 607 378 arce
636 337 899 378 Londinensi
929 337 1069 390 capite
1100 338 1305 389 plectitur
1324 350 1412 378 sus-

216 406 368 456 pectus
396 403 615 454 religionis
645 403 879 443 catholicae
902 406 947 442 et
976 402 1138 454 captati
1167 402 1413 442 dominatus

216 482 294 521 per
327 468 555 509 conubium
592 468 751 507 Mariae
791 467 1003 517 Stuartae,
1043 468 1087 507 in
1123 468 1243 508 cuius
1273 467 1412 508 condi-

217 534 361 575 ciones
384 547 483 574 eum
505 533 802 573 fraudulenter
823 533 1052 585 impulerat
1066 533 1304 583 Moravius3
1328 546 1413 584 quo

215 599 392 640 tandem
425 598 669 651 sclopetarii
698 598 889 638 fulminis
926 599 1013 638 ictu
1052 612 1107 638 ex
1141 598 1309 639 insidiis
1345 611 1412 637 ex-

147 676 239 710 [Aah]
269 664 427 705 stincto
457 677 629 716 operam
657 664 900 704 Elizabetae
930 664 973 703 in
1002 663 1241 716 diripienda
1270 663 1415 704 Scotia

143 804 174 828 10

143 1130 175 1154 15

139 1456 172 1480 20

140 2105 174 2129 30

218 732 350 770 navat
378 730 613 769 Mortonus.
669 729 751 768 Illa
790 730 997 781 capitales
1032 729 1203 780 reginae
1243 729 1413 769 Scotiae

219 795 425 844 inimicos,
456 797 740 844 accusatores,
772 797 920 844 testes,
942 794 1105 834 iudices
1126 794 1309 846 delegat,
1340 794 1412 846 qui

217 860 271 900 de
301 860 392 900 eius
423 860 598 900 crimine
628 860 856 911 inquirant.
906 860 1113 899 Examine
1143 860 1187 899 in
1217 872 1312 899 arce
1340 860 1412 899 Fo-

217 925 434 977 dringaiae
485 928 657 977 peracto
711 928 754 965 et
802 925 1054 977 interceptis
1100 938 1178 977 per
1226 925 1412 976 Valsiga-

216 1004 318 1030 num
348 1004 373 1030 a
401 990 610 1041 Morgano
641 990 907 1042 Pagetioque
939 990 991 1030 ad
1022 990 1311 1030 Babintonum
1343 990 1412 1029 ali—

218 1069 351 1107 osque
383 1055 541 1096 litteris
581 1069 711 1107 super
745 1055 999 1096 liberatione
1033 1056 1193 1095 Mariae
1226 1056 1412 1106 reginae,

218 1134 325 1173 quas
354 1120 588 1161 Giffordius
625 1121 869 1172 explorator
897 1121 1071 1161 Lutetia
1107 1121 1277 1170 tulerat,
1318 1134 1411 1172 sup-

203 1186 342 1238 plicio
373 1188 567 1226 extremo
597 1186 1027 1226 animadvertendum
1057 1186 1100 1225 in
1131 1200 1225 1226 eam
1255 1186 1410 1226 iudica·

216 1254 298 1291 tur,
339 1250 561 1291 Elizabeta
580 1251 674 1291 visa
701 1251 783 1291 sibi
811 1251 978 1303 pridem
1008 1250 1052 1291 in
1081 1252 1242 1291 somnis
1264 1251 1412 1291 statim

219 1318 318 1368 post
372 1319 552 1368 agnatae
609 1316 786 1356 caedem
834 1317 973 1369 capite
1021 1317 1221 1365 truncari,
1280 1316 1410 1356 latam

215 1387 360 1421 tamen
389 1382 434 1421 in
464 1395 558 1421 eam
588 1382 742 1434 capitis
771 1382 1034 1422 sententiam
1054 1382 1262 1433 vigesimo
1283 1382 1410 1434 capti-

215 1446 363 1487 vitatis
391 1460 504 1487 anno
535 1447 717 1499 publicis
748 1446 900 1487 edictis
930 1448 1149 1499 approbat.

268 1511 490 1564 Supremis
512 1513 672 1552 funesti
692 1512 836 1552 iudicii
860 1512 967 1553 actis
984 1513 1028 1551 in
1055 1510 1300 1563 tragoediae
1332 1514 1410 1552 for-

214 1590 329 1617 mam
363 1577 613 1630 compositis
647 1581 747 1618 actu
776 1577 912 1629 primo
943 1578 1177 1617 Henricum
1207 1577 1326 1617 VIII.
1358 1579 1410 1617 ab

213 1641 362 1683 inferis
397 1643 668 1683 evenientem
700 1656 796 1683 sese
826 1644 923 1695 plus
953 1643 1161 1683 malorum
1192 1655 1321 1694 quam
1350 1656 1408 1682 re-

214 1707 354 1759 liquos
373 1711 580 1748 nocentes
600 1708 753 1748 fecisse
779 1709 823 1748 in
844 1721 928 1748 una
948 1708 1193 1747 Elizabetae
1214 1708 1411 1759 genitura

215 1772 373 1813 taedet.
431 1772 513 1822 Qui
553 1773 762 1825 palatium
805 1777 847 1813 et
889 1773 1134 1813 schismatis
1168 1773 1409 1825 incestique

213 1837 281 1877 sui
308 1838 492 1889 vestigia
521 1841 750 1890 aspectans
778 1841 899 1878 tanto
927 1838 1204 1889 perturbatur
1223 1838 1408 1882 horrore,

214 1904 264 1941 ut
283 1915 442 1952 eorum,
472 1903 628 1954 quibus
648 1904 833 1955 primum
857 1916 904 1943 se
926 1906 1157 1955 comparat,
1188 1904 1409 1943 nominum

215 1966 408 2006 ordinem
437 1968 682 2007 confundat.
744 1967 939 2019 Vortiger
960 1968 1074 2008 enim
1096 1968 1408 2017 Constantium,

215 2031 466 2072 Donualdus
505 2033 698 2073 Duffum:
734 2046 819 2072 non
849 2033 1024 2073 Duffum
1054 2034 1268 2086 Vorffiger,
1306 2033 1409 2074 Con-

217 2097 423 2136 stantium
446 2096 698 2137 Donualdus
721 2098 963 2138 trucidavit.
994 2098 1175 2138 Interim
1190 2099 1411 2139 Elizabeta

215 2176 312 2202 cum
341 2162 561 2202 Dudelaeo
591 2176 669 2203 suo
698 2163 909 2204 deliberat
938 2166 983 2204 et
1010 2177 1111 2204 mox
1137 2163 1335 2204 Bealium
1355 2163 1409 2204 ad

217 2227 418 2268 comitem
471 2227 765 2269 Sarsbericum
819 2232 1073 2281 ceterosque
1122 2229 1257 2269 mittit
1311 2242 1408 2269 cum

214 2292 382 2339 litteris,
422 2293 579 2344 quibus
617 2296 757 2333 totum
795 2294 857 2334 eis
885 2294 1084 2334 sumendi
1113 2294 1312 2346 supplicii
1340 2307 1408 2333 ne-

212 2357 377 2409 gotium
415 2358 656 2398 committit.
709 2359 816 2399 Post
846 2359 953 2399 haec
987 2359 1202 2399 sententia
1239 2358 1410 2411 publico
