1623 2655
71 441 122 466 445

26 627 118 662 [D2a]

68 770 120 795 450

71 1097 124 1121 455

70 1504 122 1529 460

74 1922 126 1947 465

73 2247 125 2273 470

405 113 663 148 ROVLERIVS,
685 113 893 141 STVARTA.
932 114 975 140 lI.

1313 115 1339 153 [Ὁ

1345 114 1368 151 Q(

157 229 375 270 Adhibere
404 228 524 268 falsis
553 228 597 268 in
627 227 719 268 dies
746 230 916 279 perstas
946 226 1093 267 fidem:

158 294 348 335 Primum
376 294 611 346 imperasse
642 293 833 344 coniugis
862 296 1056 342 mortem,
1086 293 1213 332 modo

160 360 366 400 Tentasse
396 362 613 411 sceptrum
643 358 827 398 subdere
856 358 1092 408 Angloruni
1122 357 1275 407 Scotis,

159 425 264 465 Post
293 425 506 465 excitasse
536 423 802 464 Christianos
832 423 1046 475 principes

158 489 208 529 In
236 489 474 530 ultionem-‚³
503 489 623 529 Neve
653 502 738 528 non
769 502 937 540 sperem
968 490 1147 529 necem?

159 554 271 603 Quid
300 568 386 595 non
415 567 511 595 eam
540 554 761 606 portendit
772 556 793 592 ἱ)
823 554 877 593 Et
907 553 998 592 dira
1026 567 1151 594 cruce

157 620 272 659 Ante
302 633 375 660 ora
402 633 539 672 nuper
568 623 714 659 nostra
743 619 939 658 sublatus
968 618 1049 658 fuit

159 684 280 724 Fidei
309 685 529 738 professus
558 685 713 736 dogma
741 684 962 723 Romanae
993 684 1159 723 Scotus.

213 750 337 800 Quod
365 751 400 790 si
431 750 559 790 fidem
589 763 760 790 servare
791 749 984 789 Romano
1014 749 1159 788 datam

161 816 312 857 Scelus
342 818 409 856 est
436 815 604 868 parenti
634 818 678 855 et
706 815 814 855 scita
842 814 996 854 sectari
1027 818 1196 866 patrum

161 882 367 922 Veterum
396 895 475 921 nec
504 881 620 921 aliud
649 881 806 920 crimen
838 880 882 919 in
911 880 1064 919 vinclis
1093 882 1225 928 tenet,

161 946 278 986 Nihil
306 947 502 987 morabor
531 959 754 994 carcerem,
785 958 925 997 neque
956 945 992 984 si
1021 958 1168 996 parem

162 1013 279 1052 Sexu
307 1015 509 1064 statuque
540 1014 584 1051 et
611 1024 767 1063 genere
798 1011 1036 1063 praecipias
1064 1010 1171 1049 mori

163 1077 252 1117 Soli
280 1077 486 1117 Tonantis
515 1076 732 1117 subditam
761 1075 935 1116 arbitrio
964 1079 1121 1115 tamen.

575 1165 816 1205 Medicus.

161 1231 306 1281 Heroi‚
335 1244 559 1279 memoras,
591 1244 701 1283 quae
731 1230 834 1270 mihi
864 1232 1054 1269 mentem
1085 1232 1272 1279 movent,

163 1296 281 1347 Quae
310 1309 438 1349 passa
466 1296 537 1345 sis,
568 1310 678 1348 quae
709 1299 887 1348 experta
915 1298 1015 1346 post
1043 1294 1297 1335 saevissima

162 1360 284 1402 Lecti
312 1361 465 1413 iugalis
494 1361 624 1401 caede
654 1361 843 1413 pollutas
873 1361 1000 1400 faces.

160 1427 247 1467 Sed
276 1427 627 1479 conquerendum
656 1426 801 1478 potius
832 1438 987 1465 arcana
1016 1425 1154 1473 domo,

161 1492 261 1532 Sive
291 1492 426 1543 magis
455 1492 677 1544 indulgere
708 1491 889 1531 maerori
919 1491 1049 1530 iuvat.

160 1557 350 1597 Remitte
380 1562 573 1609 questus,
602 1557 704 1597 falle
734 1555 946 1607 colloquio
977 1558 1096 1595 tuam

161 1622 263 1663 Sine
293 1635 397 1662 voce
428 1635 584 1672 curam,
615 1635 669 1662 ne
699 1622 802 1673 quid
832 1621 884 1661 ad
917 1622 1114 1660 morbum
1143 1619 1277 1659 adice.

585 1710 806 1751 Stuarta.

161 1776 273 1826 Quid
302 1789 370 1816 me
400 1777 444 1816 in
474 1776 648 1816 domum
677 1776 740 1816 sic
768 1775 909 1816 socius
938 1787 1136 1814 arcanam
1164 1773 1327 1813 vocas?

161 1842 320 1882 Ablata
348 1845 450 1882 sunt
479 1846 523 1882 et
552 1842 643 1882 auri
673 1846 718 1881 et
746 1840 913 1892 argenti
942 1839 1085 1879 omnia

164 1906 319 1946 Infecti
348 1907 402 1946 ad
431 1920 535 1947 usus
564 1910 693 1959 atque
724 1906 846 1946 facti:
877 1904 1051 1945 vascula

162 1971 393 2023 Decusque
426 1971 533 2011 collo
563 1972 721 2020 circuli,
753 1983 948 2022 gemmae
977 1982 1129 2021 graves

162 2036 375 2088 Bacisque
405 2049 518 2075 nexa
548 2036 748 2076 mollibus
777 2035 953 2075 monilia

163 2101 215 2140 Et
245 2101 514 2141 brachiorum
542 2101 720 2154 pignora
750 2105 794 2140 et
822 2114 1026 2141 manuum
1056 2100 1184 2140 anuli.

163 2166 455 2218 Epistularum
486 2167 640 2206 deinde
670 2166 874 2215 fasciculi,
905 2166 1103 2214 schedae,

164 2233 428 2273 Monimenta
457 2245 598 2272 rerum
629 2231 858 2284 quaelibet,
890 2232 1047 2283 scripta
1078 2234 1120 2270 et
1149 2230 1257 2270 libri.

572 2321 817 2362 Medicus.

164 2392 249 2432 Sed
278 2393 445 2442 melius,
475 2392 663 2442 heroina,
695 2406 822 2444 quam
852 2393 1036 2444 primum
1065 2406 1237 2445 precor:
