1623 2655
132 478 201 503 1100

115 540 201 574 [G3a]

131 1097 198 1122 1105

132 1421 200 1446 1110

131 1840 199 1864 1115

486 42 744 76 ROVLERIVS,
772 41 979 69 STVARTA.
1009 41 1060 67 [v.
1392 45 1446 85 49

238 159 512 213 Captivitatis
540 157 655 197 unde
684 155 829 196 vitabo
858 156 1019 195 malum

237 227 291 266 Et
319 223 540 267 servitutis
569 221 738 262 auferar
765 221 890 272 longe
922 221 1030 272 iugo,

236 292 294 331 Vt
323 289 476 330 veriori
506 287 706 327 caelitum
736 287 850 326 vitae
880 299 1057 326 asserar.

548 387 990 429 Scherusbericus.

238 464 301 503 En
331 462 592 514 Anglicanae
622 460 843 512 praesules
873 458 1092 509 ecclesiae,

241 527 323 578 Qui
351 531 395 567 te
425 527 553 567 simul
582 526 787 573 solentur,
818 525 991 564 adducti
1021 524 1117 565 duo.

657 614 879 654 Stuarta.

240 687 359 736 Quae
388 686 496 726 ratio
526 687 722 725 morum?
752 685 871 735 Quae
900 685 969 724 vel
999 686 1206 725 ambobus
1236 685 1375 726 fides?

547 785 992 827 Scherusbericus.

236 859 366 898 Avita
394 858 536 910 magni
565 858 765 910 gravibus
794 857 970 897 Henriei
1000 858 1137 898 statis.

658 946 880 987 Stuarta.

236 1017 407 1058 Soletur
436 1030 534 1070 ergo
563 1031 631 1057 me
662 1018 742 1057 Dei
771 1017 898 1057 unius
927 1018 1047 1058 favor

236 1083 327 1124 Nec
354 1083 398 1122 in
427 1096 628 1135 supremo
658 1083 830 1123 deserat
860 1083 1117 1133 discrimine,

237 1148 375 1198 Quam
404 1150 470 1188 tot
498 1162 574 1201 per
603 1161 737 1187 annos
767 1151 912 1188 servat
940 1149 1154 1189 insontem
1186 1151 1334 1190 bonus.

236 1214 291 1253 Vt
320 1213 357 1254 si
384 1214 624 1264 relinquam
656 1213 810 1253 melius
839 1214 950 1253 hane
977 1214 1116 1254 lucem
1146 1215 1286 1255 libens

236 1279 547 1329 Hominesque;
578 1278 655 1317 sed
685 1278 898 1318 monenda
927 1280 995 1318 vel
1026 1280 1154 1332 paulo
1184 1281 1317 1332 prius,

236 1343 328 1392 Quo
357 1343 623 1395 suppetisset
651 1343 814 1383 ultimis
843 1344 1017 1396 aliquod
1046 1346 1150 1384 mihi

237 1407 436 1460 Spatium
464 1408 647 1458 tabellis,
680 1409 791 1448 unde
821 1409 1032 1460 legassem
1062 1411 1182 1461 meis,

235 1473 280 1513 Si
309 1472 412 1525 quid
442 1474 649 1513 bonorum
679 1477 866 1525 superat.
925 1474 1142 1515 Obstrieta
1170 1476 1369 1517 omnibus

234 1538 388 1578 Paucis
417 1539 505 1579 scio
535 1539 688 1578 fecisse
718 1552 795 1591 pro
824 1539 977 1579 merito
1007 1541 1123 1581 satis.

536 1628 984 1668 Seherusbericus.

235 1697 328 1737 Cito
357 1698 635 1748 moriendum,
667 1698 850 1749 domina,
881 1699 1148 1739 moriendum
1180 1705 1257 1751 est,
1290 1702 1361 1742 ubi

234 1762 399 1802 Titanis
428 1763 567 1803 aderit
595 1764 698 1803 hora
727 1764 842 1804 dieta
871 1765 1044 1816 posteri,

236 1826 326 1867 Nee
352 1841 467 1868 mors
496 1828 550 1868 ad
579 1829 713 1868 ullum
742 1830 1010 1881 proroganda
1040 1831 1281 1872 terminum.

656 1917 877 1958 Stuart-a.

235 1986 321 2025 Sed
349 1985 514 2026 reddite
545 2001 693 2028 omnes
723 2002 822 2040 ergo
851 1990 937 2029 iam
966 1990 1141 2031 tandem
1171 2005 1300 2032 meos.

545 2076 993 2120 Scherusberieus.

234 2145 420 2195 Quaevis
450 2147 528 2187 tibi
556 2148 701 2200 puella
731 2162 826 2189 eum
854 2150 1020 2191 medico
1050 2151 1151 2191 data
1181 2155 1247 2192 est

654 2237 874 2280 Stuarta.

233 2306 288 2346 Et
317 2308 545 2348 convenire
576 2322 643 2348 me
672 2322 814 2350 meum
845 2313 1016 2363 mysten
1046 2311 1151 2351 sine.

234 2375 305 2404 Lat.
328 2377 628 2406 Literatm-denkm.
652 2383 694 2407 17.
1271 2393 1293 2424 4
