1623 2655
104 449 178 475 1215

103 777 173 801 1220

101 1103 172 1129 1225

73 1361 172 1395 [Hib]

101 1431 172 1456 1230

98 1757 168 1783 1235

96 2084 167 2109 1240

462 61 717 95 ROVLERIVS,
745 60 952 88 STVARTA,
982 60 1037 87 IV.

216 176 443 229 Captivam
471 175 633 215 retines
662 174 869 226 sanguine
898 174 1148 226 principem,

218 241 454 294 Exspectes
483 241 589 280 alios
619 241 828 280 hactenus
859 240 1002 280 exitus

218 306 355 357 Quam
384 308 483 358 post
511 309 556 346 et
583 305 771 345 Nabothi
800 305 952 345 funera
982 305 1150 346 Iezabel

215 372 271 412 Et
299 374 446 412 vatum
475 371 628 411 catulis
659 384 757 410 esca
786 371 1009 411 voracibus

216 436 430 489 Praeceps
460 435 512 476 de
541 437 730 476 thalamo
761 436 906 476 dedita
937 436 1078 487 regiae

214 503 304 542 Aut
331 503 449 542 laeso
477 502 669 541 tumidus
699 502 872 542 numine
905 501 1093 542 Cissides

212 567 303 608 Aut
331 568 405 620 qui
434 568 630 607 Zacariae
660 581 706 607 se
736 581 840 607 nece
871 567 1025 619 polluit

214 633 304 673 Aut
330 634 466 673 fatum
498 633 638 685 paries
667 633 734 673 cui
764 633 865 673 tulit
894 633 1046 673 obvius

213 698 396 738 Divinae
425 698 571 750 digitis
600 699 743 738 nobile
773 698 989 738 dexterae.

266 764 337 804 Sic
366 764 513 803 mundi
542 764 707 803 interea
736 764 949 803 maximus
978 764 1137 804 arbiter

211 828 361 869 Hostis
389 832 535 869 nostra
564 830 680 869 levet
709 829 817 869 colla
846 830 1039 881 potentia

212 893 509 947 Reginamque
539 895 690 935 favens
719 895 763 934 in
793 908 872 935 sua
900 896 1131 935 transferat

209 959 397 1000 Rursum
425 974 556 1012 regna
584 961 722 1000 Deus!
780 960 917 1010 Quam
947 961 1073 1001 modo
1104 962 1300 1003 cursibus

210 1025 379 1077 Magnis
409 1025 474 1065 bis
503 1026 646 1066 decies
675 1026 739 1066 sol
770 1039 906 1066 novus
935 1026 1088 1078 aspicit

211 1090 267 1130 Et
294 1104 373 1131 nos
402 1104 427 1130 a
454 1091 605 1144 patriis
634 1091 808 1132 sedibus
839 1092 1024 1131 exsules.

352 1157 446 1197 Hac
474 1157 621 1208 regina
650 1160 778 1197 tenus
807 1170 960 1209 graves

351 1223 592 1262 Aerumnas
620 1223 721 1262 tulit
750 1222 874 1262 exsili

352 1287 501 1339 Regno
531 1292 657 1340 capta
686 1288 946 1338 Britannico,

356 1352 450 1402 Quo
479 1366 555 1406 spe
586 1358 762 1394 venerat
790 1353 934 1394 auxili.

354 1417 441 1458 Sed
471 1419 544 1471 qui
574 1422 723 1459 sancta
752 1419 827 1459 dat
854 1420 1071 1472 hospitum

351 1483 498 1524 Rebus
527 1485 620 1525 iura
650 1485 779 1535 Deus,
810 1498 977 1525 sacrum

351 1549 444 1599 Quo
472 1550 649 1590 tandem
678 1553 808 1603 caput
837 1551 1026 1603 ampliat,

352 1614 588 1655 Tantorum
617 1616 826 1656 scelerum
857 1618 1019 1668 caput?

349 1679 446 1720 Non
475 1694 647 1734 semper
675 1682 777 1721 tulit
806 1682 1021 1734 hospitem

349 1745 605 1786 Pascentem
634 1747 877 1799 hospitibus
907 1760 1057 1799 pecus:

348 1810 443 1851 Nou
473 1811 547 1863 qui
576 1812 656 1852 rite
685 1813 915 1864 penatibus

351 1875 568 1916 Mactabat
596 1877 713 1917 ferus
741 1878 884 1930 impiis

349 1940 477 1981 Nulla
504 1942 600 1993 lege
630 1946 773 1983 tamen
803 1943 885 1983 sibi

347 2006 522 2047 Iunctos
551 2008 770 2059 sanguinis
797 2008 986 2049 advenas

352 2071 649 2125 Exactumque
678 2073 879 2125 Lycaona

347 2137 411 2177 De
440 2151 571 2189 regno
600 2138 655 2178 ad
684 2152 836 2179 nemus
865 2140 1010 2180 avium

346 2203 527 2243 Addixit
556 2203 717 2244 socium
746 2204 870 2257 lupis,

347 2268 552 2318 Quamvis
581 2269 699 2309 nulla
727 2270 1025 2323 propinquitas

346 2333 450 2374 Eius
478 2335 596 2375 laesa
624 2335 735 2375 foret
764 2336 902 2376 domo.
