<?xml version="1.0" encoding="UTF-8"?>
<!DOCTYPE html PUBLIC "-//W3C//DTD XHTML 1.0 Transitional//EN"
    "http://www.w3.org/TR/xhtml1/DTD/xhtml1-transitional.dtd">
<html xmlns="http://www.w3.org/1999/xhtml" xml:lang="en" lang="en">
 <head>
  <title>
</title>
<meta http-equiv="Content-Type" content="text/html;charset=utf-8" />
  <meta name='ocr-system' content='tesseract 3.04.00' />
  <meta name='ocr-capabilities' content='ocr_page ocr_carea ocr_par ocr_line ocrx_word'/>
</head>
<body>
  <div class='ocr_page' id='page_1' title='image "./stvartatragoedia00rouluoft_0054.png"; bbox 0 0 1623 2655; ppageno 0'>
   <div class='ocr_carea' id='block_1_1' title="bbox 610 133 1177 162">
    <p class='ocr_par' dir='ltr' id='par_1_1' title="bbox 610 133 1177 162">
     <span class='ocr_line' id='line_1_1' title="bbox 610 133 1177 162; baseline 0.004 -2"><span class='ocrx_word' id='word_1_1' title='bbox 610 133 866 162; x_wconf 72' lang='lat' dir='ltr'><strong>ROVLERIVS.</strong></span> <span class='ocrx_word' id='word_1_2' title='bbox 889 135 1096 162; x_wconf 53' lang='lat' dir='ltr'>STVARTA.</span> <span class='ocrx_word' id='word_1_3' title='bbox 1135 136 1177 162; x_wconf 86' lang='grc' dir='ltr'>ΙΙ.</span> 
     </span>
    </p>
   </div>
   <div class='ocr_carea' id='block_1_2' title="bbox 359 245 1397 431">
    <p class='ocr_par' dir='ltr' id='par_1_2' title="bbox 359 245 1397 431">
     <span class='ocr_line' id='line_1_2' title="bbox 360 245 1301 301; baseline 0.005 -17"><span class='ocrx_word' id='word_1_4' title='bbox 360 245 565 286; x_wconf 84' lang='lat' dir='ltr'>Visuntor</span> <span class='ocrx_word' id='word_1_5' title='bbox 594 250 773 298; x_wconf 77' lang='lat' dir='ltr'>actaque</span> <span class='ocrx_word' id='word_1_6' title='bbox 803 248 1062 299; x_wconf 79' lang='lat' dir='ltr'>tabulaeque</span> <span class='ocrx_word' id='word_1_7' title='bbox 1092 249 1301 301; x_wconf 80' lang='lat' dir='ltr'>publicae,</span> 
     </span>
     <span class='ocr_line' id='line_1_3' title="bbox 360 312 1351 366; baseline 0.003 -15"><span class='ocrx_word' id='word_1_8' title='bbox 360 312 585 363; x_wconf 75' lang='lat' dir='ltr'>Descripta</span> <span class='ocrx_word' id='word_1_9' title='bbox 614 316 739 364; x_wconf 80' lang='lat' dir='ltr'>pacto</span> <span class='ocrx_word' id='word_1_10' title='bbox 769 312 942 353; x_wconf 84' lang='lat' dir='ltr'>nomina</span> <span class='ocrx_word' id='word_1_11' title='bbox 971 316 1192 354; x_wconf 80' lang='lat' dir='ltr'>auctorum</span> <span class='ocrx_word' id='word_1_12' title='bbox 1222 314 1351 366; x_wconf 83' lang='lat' dir='ltr'>leges,</span> 
     </span>
     <span class='ocr_line' id='line_1_4' title="bbox 359 375 1397 431; baseline 0.004 -16"><span class='ocrx_word' id='word_1_13' title='bbox 359 375 441 416; x_wconf 84' lang='lat' dir='ltr'>Vbi</span> <span class='ocrx_word' id='word_1_14' title='bbox 471 376 653 428; x_wconf 81' lang='lat' dir='ltr'>quisque</span> <span class='ocrx_word' id='word_1_15' title='bbox 682 380 819 417; x_wconf 89' lang='lat' dir='ltr'>testes</span> <span class='ocrx_word' id='word_1_16' title='bbox 848 377 1012 418; x_wconf 76' lang='lat' dir='ltr'>addidit</span> <span class='ocrx_word' id='word_1_17' title='bbox 1041 378 1199 431; x_wconf 84' lang='lat' dir='ltr'>scripto</span> <span class='ocrx_word' id='word_1_18' title='bbox 1230 392 1397 420; x_wconf 80' lang='lat' dir='ltr'>manus.</span> 
     </span>
    </p>
   </div>
   <div class='ocr_carea' id='block_1_3' title="bbox 799 467 981 507">
    <p class='ocr_par' dir='ltr' id='par_1_3' title="bbox 799 467 981 507">
     <span class='ocr_line' id='line_1_5' title="bbox 799 467 981 507; baseline 0.011 -2"><span class='ocrx_word' id='word_1_19' title='bbox 799 467 981 507; x_wconf 72' lang='lat' dir='ltr'>Amias.</span> 
     </span>
    </p>
   </div>
   <div class='ocr_carea' id='block_1_4' title="bbox 267 536 1288 592">
    <p class='ocr_par' dir='ltr' id='par_1_4' title="bbox 267 536 1288 592">
     <span class='ocr_line' id='line_1_6' title="bbox 267 536 1288 592; baseline 0.004 -17"><span class='ocrx_word' id='word_1_20' title='bbox 267 549 320 575; x_wconf 80' lang='lat'>520</span> <span class='ocrx_word' id='word_1_21' title='bbox 361 537 417 575; x_wconf 81' lang='lat' dir='ltr'>At</span> <span class='ocrx_word' id='word_1_22' title='bbox 448 549 520 575; x_wconf 88' lang='lat' dir='ltr'>cur</span> <span class='ocrx_word' id='word_1_23' title='bbox 548 536 767 577; x_wconf 77' lang='lat' dir='ltr'>Hauartus</span> <span class='ocrx_word' id='word_1_24' title='bbox 797 550 893 577; x_wconf 84' lang='lat' dir='ltr'>arce</span> <span class='ocrx_word' id='word_1_25' title='bbox 923 538 1115 578; x_wconf 79' lang='lat' dir='ltr'>Londina</span> <span class='ocrx_word' id='word_1_26' title='bbox 1143 539 1255 592; x_wconf 90' lang='lat' dir='ltr'>perit</span> <span class='ocrx_word' id='word_1_27' title='bbox 1268 542 1288 579; x_wconf 66' lang='grc' dir='ltr'>ἱ)</span> 
     </span>
    </p>
   </div>
   <div class='ocr_carea' id='block_1_5' title="bbox 221 996 317 1031">
    <p class='ocr_par' dir='ltr' id='par_1_5' title="bbox 221 996 317 1031">
     <span class='ocr_line' id='line_1_7' title="bbox 221 996 317 1031; baseline 0.01 -7"><span class='ocrx_word' id='word_1_28' title='bbox 221 996 317 1031; x_wconf 83' lang='lat' dir='ltr'>[D8b]</span> 
     </span>
    </p>
   </div>
   <div class='ocr_carea' id='block_1_6' title="bbox 263 1160 315 1186">
    <p class='ocr_par' dir='ltr' id='par_1_6' title="bbox 263 1160 315 1186">
     <span class='ocr_line' id='line_1_8' title="bbox 263 1160 315 1186; baseline 0.038 -2"><span class='ocrx_word' id='word_1_29' title='bbox 263 1160 315 1186; x_wconf 79' lang='lat'>525</span> 
     </span>
    </p>
   </div>
   <div class='ocr_carea' id='block_1_7' title="bbox 252 2003 307 2029">
    <p class='ocr_par' dir='ltr' id='par_1_7' title="bbox 252 2003 307 2029">
     <span class='ocr_line' id='line_1_9' title="bbox 252 2003 307 2029; baseline -0.018 0"><span class='ocrx_word' id='word_1_30' title='bbox 252 2003 307 2029; x_wconf 80' lang='lat'>530</span> 
     </span>
    </p>
   </div>
   <div class='ocr_carea' id='block_1_8' title="bbox 354 627 1356 910">
    <p class='ocr_par' dir='ltr' id='par_1_8' title="bbox 786 627 1006 666">
     <span class='ocr_line' id='line_1_10' title="bbox 786 627 1006 666; baseline -0.005 0"><span class='ocrx_word' id='word_1_31' title='bbox 786 627 1006 666; x_wconf 75' lang='lat' dir='ltr'>Stuarta.</span> 
     </span>
    </p>

    <p class='ocr_par' dir='ltr' id='par_1_9' title="bbox 357 695 1329 827">
     <span class='ocr_line' id='line_1_11' title="bbox 357 695 1329 749; baseline 0.004 -14"><span class='ocrx_word' id='word_1_32' title='bbox 357 695 404 735; x_wconf 78' lang='lat' dir='ltr'>Si</span> <span class='ocrx_word' id='word_1_33' title='bbox 435 696 539 745; x_wconf 79' lang='lat' dir='ltr'>iure,</span> <span class='ocrx_word' id='word_1_34' title='bbox 571 696 731 736; x_wconf 80' lang='lat' dir='ltr'>vindex</span> <span class='ocrx_word' id='word_1_35' title='bbox 761 697 911 737; x_wconf 80' lang='lat' dir='ltr'>doceat</span> <span class='ocrx_word' id='word_1_36' title='bbox 941 698 1170 749; x_wconf 79' lang='lat' dir='ltr'>aliquando</span> <span class='ocrx_word' id='word_1_37' title='bbox 1202 699 1329 739; x_wconf 91' lang='lat' dir='ltr'>Deus.</span> 
     </span>
     <span class='ocr_line' id='line_1_12' title="bbox 796 786 980 827; baseline -0.005 -2"><span class='ocrx_word' id='word_1_38' title='bbox 796 786 980 827; x_wconf 67' lang='lat' dir='ltr'>Annas</span> 
     </span>
    </p>

    <p class='ocr_par' dir='ltr' id='par_1_10' title="bbox 354 856 1356 910">
     <span class='ocr_line' id='line_1_13' title="bbox 354 856 1356 910; baseline 0.002 -14"><span class='ocrx_word' id='word_1_39' title='bbox 354 856 429 897; x_wconf 91' lang='lat' dir='ltr'>Ius</span> <span class='ocrx_word' id='word_1_40' title='bbox 459 858 553 897; x_wconf 84' lang='lat' dir='ltr'>vult</span> <span class='ocrx_word' id='word_1_41' title='bbox 581 857 734 905; x_wconf 78' lang='lat' dir='ltr'>necari,</span> <span class='ocrx_word' id='word_1_42' title='bbox 764 857 926 910; x_wconf 81' lang='lat' dir='ltr'>patrios</span> <span class='ocrx_word' id='word_1_43' title='bbox 957 860 1167 910; x_wconf 77' lang='lat' dir='ltr'>quotquot</span> <span class='ocrx_word' id='word_1_44' title='bbox 1197 862 1356 910; x_wconf 81' lang='lat' dir='ltr'>negant</span> 
     </span>
    </p>
   </div>
   <div class='ocr_carea' id='block_1_9' title="bbox 356 921 1280 1040">
    <p class='ocr_par' dir='ltr' id='par_1_11' title="bbox 356 921 1280 1040">
     <span class='ocr_line' id='line_1_14' title="bbox 356 921 1210 964; baseline 0.002 -2"><span class='ocrx_word' id='word_1_45' title='bbox 356 921 484 962; x_wconf 82' lang='lat' dir='ltr'>Ritus</span> <span class='ocrx_word' id='word_1_46' title='bbox 514 926 557 962; x_wconf 84' lang='lat' dir='ltr'>et</span> <span class='ocrx_word' id='word_1_47' title='bbox 586 923 747 962; x_wconf 82' lang='lat' dir='ltr'>abeunt</span> <span class='ocrx_word' id='word_1_48' title='bbox 776 923 818 962; x_wconf 89' lang='lat' dir='ltr'>in</span> <span class='ocrx_word' id='word_1_49' title='bbox 848 922 1065 963; x_wconf 80' lang='lat' dir='ltr'>maritales</span> <span class='ocrx_word' id='word_1_50' title='bbox 1095 926 1210 964; x_wconf 86' lang='lat' dir='ltr'>toros</span> 
     </span>
     <span class='ocr_line' id='line_1_15' title="bbox 359 986 1280 1040; baseline 0.003 -13"><span class='ocrx_word' id='word_1_51' title='bbox 359 986 466 1027; x_wconf 86' lang='lat' dir='ltr'>Cum</span> <span class='ocrx_word' id='word_1_52' title='bbox 495 988 704 1040; x_wconf 77' lang='lat' dir='ltr'>perduelli</span> <span class='ocrx_word' id='word_1_53' title='bbox 735 988 888 1040; x_wconf 81' lang='lat' dir='ltr'>cuique</span> <span class='ocrx_word' id='word_1_54' title='bbox 917 987 1065 1040; x_wconf 84' lang='lat' dir='ltr'>religio</span> <span class='ocrx_word' id='word_1_55' title='bbox 1095 1002 1172 1029; x_wconf 76' lang='lat' dir='ltr'>sua</span> <span class='ocrx_word' id='word_1_56' title='bbox 1202 992 1280 1030; x_wconf 79' lang='lat' dir='ltr'>est.</span> 
     </span>
    </p>
   </div>
   <div class='ocr_carea' id='block_1_10' title="bbox 353 1076 1189 1200">
    <p class='ocr_par' dir='ltr' id='par_1_12' title="bbox 353 1076 1189 1200">
     <span class='ocr_line' id='line_1_16' title="bbox 775 1076 998 1117; baseline 0.004 -1"><span class='ocrx_word' id='word_1_57' title='bbox 775 1076 998 1117; x_wconf 78' lang='lat' dir='ltr'>Stuarta.</span> 
     </span>
     <span class='ocr_line' id='line_1_17' title="bbox 353 1146 1189 1200; baseline 0.001 -13"><span class='ocrx_word' id='word_1_58' title='bbox 353 1146 461 1187; x_wconf 84' lang='lat' dir='ltr'>Sum</span> <span class='ocrx_word' id='word_1_59' title='bbox 489 1147 724 1200; x_wconf 80' lang='lat' dir='ltr'>perduellis</span> <span class='ocrx_word' id='word_1_60' title='bbox 755 1150 797 1187; x_wconf 84' lang='lat' dir='ltr'>et</span> <span class='ocrx_word' id='word_1_61' title='bbox 827 1148 911 1187; x_wconf 83' lang='lat' dir='ltr'>mei</span> <span class='ocrx_word' id='word_1_62' title='bbox 940 1148 1048 1188; x_wconf 86' lang='lat' dir='ltr'>ritus</span> <span class='ocrx_word' id='word_1_63' title='bbox 1078 1152 1189 1200; x_wconf 70' lang='lat' dir='ltr'>ego?</span> 
     </span>
    </p>
   </div>
   <div class='ocr_carea' id='block_1_11' title="bbox 351 1236 981 1359">
    <p class='ocr_par' dir='ltr' id='par_1_13' title="bbox 351 1236 981 1359">
     <span class='ocr_line' id='line_1_18' title="bbox 793 1236 981 1276; baseline 0.005 -1"><span class='ocrx_word' id='word_1_64' title='bbox 793 1236 981 1276; x_wconf 78' lang='lat' dir='ltr'>Amias.</span> 
     </span>
     <span class='ocr_line' id='line_1_19' title="bbox 351 1306 978 1359; baseline 0 -14"><span class='ocrx_word' id='word_1_65' title='bbox 351 1307 513 1359; x_wconf 79' lang='lat' dir='ltr'>Papam</span> <span class='ocrx_word' id='word_1_66' title='bbox 542 1307 743 1347; x_wconf 77' lang='lat' dir='ltr'>Latinum</span> <span class='ocrx_word' id='word_1_67' title='bbox 773 1306 978 1359; x_wconf 76' lang='lat' dir='ltr'>sequeris..</span> 
     </span>
    </p>
   </div>
   <div class='ocr_carea' id='block_1_12' title="bbox 350 1397 1398 1650">
    <p class='ocr_par' dir='ltr' id='par_1_14' title="bbox 350 1397 1398 1650">
     <span class='ocr_line' id='line_1_20' title="bbox 779 1397 1008 1437; baseline -0.004 0"><span class='ocrx_word' id='word_1_68' title='bbox 779 1397 1008 1437; x_wconf 79' lang='lat' dir='ltr'>Stuarta.</span> 
     </span>
     <span class='ocr_line' id='line_1_21' title="bbox 1017 1467 1398 1520; baseline 0.003 -13"><span class='ocrx_word' id='word_1_69' title='bbox 1017 1467 1069 1507; x_wconf 80' lang='lat' dir='ltr'>Et</span> <span class='ocrx_word' id='word_1_70' title='bbox 1098 1468 1235 1508; x_wconf 81' lang='lat' dir='ltr'>fateor</span> <span class='ocrx_word' id='word_1_71' title='bbox 1262 1468 1398 1520; x_wconf 76' lang='lat' dir='ltr'>sequi.</span> 
     </span>
     <span class='ocr_line' id='line_1_22' title="bbox 790 1538 975 1579; baseline 0 -1"><span class='ocrx_word' id='word_1_72' title='bbox 790 1538 975 1579; x_wconf 76' lang='lat' dir='ltr'>Amias.</span> 
     </span>
     <span class='ocr_line' id='line_1_23' title="bbox 350 1607 1242 1650; baseline 0.004 -4"><span class='ocrx_word' id='word_1_73' title='bbox 350 1607 530 1648; x_wconf 82' lang='lat' dir='ltr'>Diversa</span> <span class='ocrx_word' id='word_1_74' title='bbox 558 1608 716 1648; x_wconf 88' lang='lat' dir='ltr'>nostris</span> <span class='ocrx_word' id='word_1_75' title='bbox 746 1609 837 1649; x_wconf 78' lang='lat' dir='ltr'>iura</span> <span class='ocrx_word' id='word_1_76' title='bbox 868 1609 1076 1650; x_wconf 78' lang='lat' dir='ltr'>scelerate</span> <span class='ocrx_word' id='word_1_77' title='bbox 1108 1610 1242 1650; x_wconf 77' lang='lat' dir='ltr'>foves.</span> 
     </span>
    </p>
   </div>
   <div class='ocr_carea' id='block_1_13' title="bbox 347 1698 1286 1821">
    <p class='ocr_par' dir='ltr' id='par_1_15' title="bbox 347 1698 1286 1821">
     <span class='ocr_line' id='line_1_24' title="bbox 776 1698 1004 1738; baseline -0.004 0"><span class='ocrx_word' id='word_1_78' title='bbox 776 1698 805 1738; x_wconf 80' lang='lat' dir='ltr'>S</span> <span class='ocrx_word' id='word_1_79' title='bbox 815 1700 866 1738; x_wconf 86' lang='lat' dir='ltr'>tu</span> <span class='ocrx_word' id='word_1_80' title='bbox 876 1712 900 1738; x_wconf 74' lang='lat' dir='ltr'>a</span> <span class='ocrx_word' id='word_1_81' title='bbox 911 1712 929 1737; x_wconf 89' lang='lat' dir='ltr'>r</span> <span class='ocrx_word' id='word_1_82' title='bbox 940 1702 957 1737; x_wconf 88' lang='lat' dir='ltr'>t</span> <span class='ocrx_word' id='word_1_83' title='bbox 969 1712 1004 1738; x_wconf 82' lang='lat' dir='ltr'>a.</span> 
     </span>
     <span class='ocr_line' id='line_1_25' title="bbox 347 1767 1286 1821; baseline 0.003 -14"><span class='ocrx_word' id='word_1_84' title='bbox 347 1767 522 1808; x_wconf 81' lang='lat' dir='ltr'>Manere</span> <span class='ocrx_word' id='word_1_85' title='bbox 552 1768 646 1808; x_wconf 80' lang='lat' dir='ltr'>laus</span> <span class='ocrx_word' id='word_1_86' title='bbox 676 1772 742 1808; x_wconf 82' lang='lat' dir='ltr'>est</span> <span class='ocrx_word' id='word_1_87' title='bbox 771 1768 814 1807; x_wconf 86' lang='lat' dir='ltr'>in</span> <span class='ocrx_word' id='word_1_88' title='bbox 843 1769 1033 1820; x_wconf 86' lang='lat' dir='ltr'>priorum</span> <span class='ocrx_word' id='word_1_89' title='bbox 1063 1769 1286 1821; x_wconf 77' lang='lat' dir='ltr'>dogmatis.</span> 
     </span>
    </p>
   </div>
   <div class='ocr_carea' id='block_1_14' title="bbox 345 1858 1334 2305">
    <p class='ocr_par' dir='ltr' id='par_1_16' title="bbox 345 1858 1334 2240">
     <span class='ocr_line' id='line_1_26' title="bbox 783 1858 981 1898; baseline 0.01 -2"><span class='ocrx_word' id='word_1_90' title='bbox 783 1858 935 1897; x_wconf 80' lang='lat' dir='ltr'>Aulia</span> <span class='ocrx_word' id='word_1_91' title='bbox 948 1869 981 1898; x_wconf 76' lang='lat' dir='ltr'>S.</span> 
     </span>
     <span class='ocr_line' id='line_1_27' title="bbox 346 1926 1334 1984; baseline 0.006 -19"><span class='ocrx_word' id='word_1_92' title='bbox 346 1926 650 1980; x_wconf 76' lang='lat' dir='ltr'>Quoscumque</span> <span class='ocrx_word' id='word_1_93' title='bbox 680 1929 732 1968; x_wconf 82' lang='lat' dir='ltr'>ab</span> <span class='ocrx_word' id='word_1_94' title='bbox 761 1928 851 1968; x_wconf 78' lang='lat' dir='ltr'>alta</span> <span class='ocrx_word' id='word_1_95' title='bbox 879 1931 1000 1980; x_wconf 81' lang='lat' dir='ltr'>parte</span> <span class='ocrx_word' id='word_1_96' title='bbox 1028 1929 1219 1980; x_wconf 78' lang='lat' dir='ltr'>glacialis</span> <span class='ocrx_word' id='word_1_97' title='bbox 1247 1932 1334 1984; x_wconf 91' lang='lat' dir='ltr'>poli</span> 
     </span>
     <span class='ocr_line' id='line_1_28' title="bbox 346 1990 1268 2047; baseline 0.005 -17"><span class='ocrx_word' id='word_1_98' title='bbox 346 1990 534 2043; x_wconf 88' lang='lat' dir='ltr'>Populos</span> <span class='ocrx_word' id='word_1_99' title='bbox 563 1995 709 2032; x_wconf 84' lang='lat' dir='ltr'>tuetur</span> <span class='ocrx_word' id='word_1_100' title='bbox 736 1996 877 2034; x_wconf 83' lang='lat' dir='ltr'>arctos</span> <span class='ocrx_word' id='word_1_101' title='bbox 906 1997 950 2033; x_wconf 78' lang='lat' dir='ltr'>et</span> <span class='ocrx_word' id='word_1_102' title='bbox 979 1995 1139 2034; x_wconf 79' lang='lat' dir='ltr'>classes</span> <span class='ocrx_word' id='word_1_103' title='bbox 1168 1995 1268 2047; x_wconf 73' lang='lat' dir='ltr'>agit,</span> 
     </span>
     <span class='ocr_line' id='line_1_29' title="bbox 347 2056 1266 2112; baseline 0.004 -17"><span class='ocrx_word' id='word_1_104' title='bbox 347 2056 528 2107; x_wconf 82' lang='lat' dir='ltr'>Flagitia</span> <span class='ocrx_word' id='word_1_105' title='bbox 557 2058 684 2109; x_wconf 82' lang='lat' dir='ltr'>vulgo</span> <span class='ocrx_word' id='word_1_106' title='bbox 714 2071 823 2110; x_wconf 82' lang='lat' dir='ltr'>quae</span> <span class='ocrx_word' id='word_1_107' title='bbox 854 2059 1079 2110; x_wconf 76' lang='lat' dir='ltr'>patravisti</span> <span class='ocrx_word' id='word_1_108' title='bbox 1107 2060 1266 2112; x_wconf 82' lang='lat' dir='ltr'>legunt.</span> 
     </span>
     <span class='ocr_line' id='line_1_30' title="bbox 346 2120 1320 2177; baseline 0.006 -18"><span class='ocrx_word' id='word_1_109' title='bbox 346 2120 406 2160; x_wconf 91' lang='lat' dir='ltr'>Te</span> <span class='ocrx_word' id='word_1_110' title='bbox 436 2122 682 2162; x_wconf 85' lang='lat' dir='ltr'>continente</span> <span class='ocrx_word' id='word_1_111' title='bbox 712 2136 841 2174; x_wconf 79' lang='lat' dir='ltr'>regna</span> <span class='ocrx_word' id='word_1_112' title='bbox 871 2124 982 2175; x_wconf 81' lang='lat' dir='ltr'>quod</span> <span class='ocrx_word' id='word_1_113' title='bbox 1014 2125 1156 2176; x_wconf 86' lang='lat' dir='ltr'>probri</span> <span class='ocrx_word' id='word_1_114' title='bbox 1185 2138 1320 2177; x_wconf 82' lang='lat' dir='ltr'>genus</span> 
     </span>
     <span class='ocr_line' id='line_1_31' title="bbox 345 2185 929 2240; baseline 0.005 -15"><span class='ocrx_word' id='word_1_115' title='bbox 345 2185 438 2226; x_wconf 89' lang='lat' dir='ltr'>Non</span> <span class='ocrx_word' id='word_1_116' title='bbox 470 2186 577 2226; x_wconf 83' lang='lat' dir='ltr'>vidit</span> <span class='ocrx_word' id='word_1_117' title='bbox 607 2187 733 2227; x_wconf 76' lang='lat' dir='ltr'>exlex</span> <span class='ocrx_word' id='word_1_118' title='bbox 763 2189 929 2240; x_wconf 70' lang='lat' dir='ltr'>patria?</span> 
     </span>
    </p>

    <p class='ocr_par' dir='ltr' id='par_1_17' title="bbox 771 2265 991 2305">
     <span class='ocr_line' id='line_1_32' title="bbox 771 2265 991 2305; baseline 0 -1"><span class='ocrx_word' id='word_1_119' title='bbox 771 2265 991 2305; x_wconf 77' lang='lat' dir='ltr'>Stuarta.</span> 
     </span>
    </p>
   </div>
   <div class='ocr_carea' id='block_1_15' title="bbox 343 2336 1443 2451">
    <p class='ocr_par' dir='ltr' id='par_1_18' title="bbox 343 2336 1443 2451">
     <span class='ocr_line' id='line_1_33' title="bbox 983 2336 1443 2389; baseline 0.004 -14"><span class='ocrx_word' id='word_1_120' title='bbox 983 2336 1260 2388; x_wconf 80' lang='lat' dir='ltr'>Quocumque</span> <span class='ocrx_word' id='word_1_121' title='bbox 1290 2350 1443 2389; x_wconf 77' lang='lat' dir='ltr'>arguor</span> 
     </span>
     <span class='ocr_line' id='line_1_34' title="bbox 343 2398 1314 2451; baseline 0.005 -14"><span class='ocrx_word' id='word_1_122' title='bbox 343 2398 397 2437; x_wconf 87' lang='lat' dir='ltr'>Et</span> <span class='ocrx_word' id='word_1_123' title='bbox 427 2412 479 2439; x_wconf 83' lang='lat' dir='ltr'>ex</span> <span class='ocrx_word' id='word_1_124' title='bbox 510 2398 617 2439; x_wconf 88' lang='lat' dir='ltr'>libro</span> <span class='ocrx_word' id='word_1_125' title='bbox 647 2399 947 2451; x_wconf 71' lang='lat' dir='ltr'>quodcumque</span> <span class='ocrx_word' id='word_1_126' title='bbox 978 2401 1141 2441; x_wconf 80' lang='lat' dir='ltr'>famoso</span> <span class='ocrx_word' id='word_1_127' title='bbox 1170 2402 1314 2442; x_wconf 88' lang='lat' dir='ltr'>obicis.</span> 
     </span>
    </p>
   </div>
  </div>
 </body>
</html>
