1623 2655
173 143 227 182 36
569 135 826 168 ROVLERIVS,
843 135 1049 163 STVARTA.
1072 135 1132 162 ΙΙΙ.

319 253 469 293 Isthuc
497 250 667 291 tabellis
695 250 795 289 inde
825 251 1038 302 suggestis
1066 264 1175 291 reus.

229 333 280 358 τεο
318 318 408 358 Nec
437 330 535 357 eum
564 315 755 355 movebit
782 315 907 355 exsili
935 316 1163 366 sententia,

319 384 410 424 Nec
438 382 475 422 si
504 381 606 433 quid
637 380 753 420 aliud
782 380 895 420 ultra
924 381 1109 432 fingetur
1137 382 1291 434 palam.

738 481 963 522 Drurius.

320 555 416 595 Non
446 554 517 593 illa
548 552 646 592 forti
678 553 821 592 forsan
851 552 1009 592 officiet
1038 554 1159 594 viro?

757 641 944 681 Amias.

316 716 452 754 Immo
482 712 647 752 iuvabit
676 725 805 764 quam
834 711 954 764 prius
983 713 1119 753 multo
1147 714 1300 765 magis:

318 781 411 819 Hoc
440 792 566 818 omne
596 778 777 830 posthac
807 777 1027 817 schemate
1058 778 1278 831 inceptum
1308 783 1441 833 teget.

385 927 626 967 Drurius.
683 926 918 966 Bealius.
977 927 1307 968 Buccartius.

737 1028 961 1068 Drurius.

226 1135 277 1158 τηε»
316 1120 375 1158 At
404 1118 489 1170 qui,
520 1117 653 1166 Beali,
684 1116 837 1157 frueris
866 1116 1036 1168 ingenio
1067 1118 1187 1158 ducis

314 1183 516 1236 Propiore
547 1195 717 1234 semper
746 1183 899 1234 cuique
930 1186 1158 1223 nascentes
1186 1184 1285 1224 licet

315 1250 530 1301 Cognosse
561 1260 683 1287 curas
713 1250 842 1299 atque
873 1260 1026 1288 sensus
1056 1248 1224 1289 abditos

312 1314 532 1363 Dominae,
565 1313 666 1365 quid
687 1313 858 1353 adfers?
906 1313 998 1363 Quo
1029 1314 1338 1365 Fodringaeam
1361 1315 1514 1356 venis?

733 1413 959 1454 Bealius,

314 1486 412 1525 Dux
440 1484 658 1535 religionis
689 1487 732 1524 et
760 1485 1036 1536 gubernatrix
1065 1499 1214 1536 novae,

224 1565 274 1589 740
314 1550 451 1600 Quam
480 1550 594 1589 laeta
624 1550 759 1589 solam
786 1563 893 1601 gens
923 1550 1225 1591 Britannorum
1255 1552 1403 1592 tremit

313 1615 370 1655 Et
398 1614 607 1666 quidquid
637 1615 772 1654 ambit
801 1615 931 1654 fertili
962 1615 1160 1656 Oceanus
1189 1618 1292 1666 salo,

314 1679 691 1720 Scherusbericum
720 1682 867 1731 petere
899 1693 994 1719 cum
1024 1680 1200 1732 reliquis
1228 1682 1359 1721 iubet.

728 1769 957 1810 Drurius.

312 1842 372 1880 At
401 1840 504 1892 quid
533 1853 663 1892 super
691 1843 881 1880 statuere
911 1841 964 1881 de
995 1844 1120 1894 capta
1149 1846 1271 1894 parat
1283 1846 1304 1882 ·.'

735 1929 958 1970 Bealius.

314 2000 499 2039 Abolere
530 2013 708 2052 propere
737 2001 970 2053 pessimam
1000 2002 1110 2041 ferro
1139 2002 1266 2042 luem.

684 2090 1009 2131 Buceartius.

223 2174 275 2199 τιὸ
313 2159 582 2199 Sententiam
612 2163 788 2201 senatus
817 2161 860 2200 in
889 2161 1069 2202 Mariam
1098 2161 1210 2212 tulit,

309 2224 462 2264 Latam
491 2225 687 2276 probavit
715 2226 883 2277 Anglici
913 2227 1109 2267 columen
1138 2226 1293 2276 throni,

186 2300 276 2332 [ma]
318 2289 371 2329 Et
398 2290 635 2341 approbata
663 2291 844 2342 publicis
873 2291 1009 2332 valvis
1037 2291 1160 2332 stetit

310 2354 366 2394 Et
393 2355 506 2394 lecta
533 2355 705 2407 populis
733 2369 837 2396 voce
867 2357 1045 2396 concitis
1074 2357 1203 2397 tubae

309 2419 364 2459 Et
392 2418 630 2459 nuntianda
659 2422 727 2459 est
754 2420 906 2460 mortis
934 2421 1115 2461 interius
1143 2434 1253 2461 reae.
