1623 2655
79 323 132 348 535

82 648 134 674 540

76 1064 127 1090 545

39 1470 129 1504 [D4a]

79 2112 132 2138 555

411 124 669 158 ROVLERIVS,
692 123 900 150 STVARTA.
942 123 982 149 ΙΙ.

605 236 798 277 Amias.

170 309 251 360 Qui
282 309 478 358 Galliam,
509 308 871 360 Germaniamque
903 310 946 348 et
975 306 1221 346 Flandriam

166 374 372 427 Aliosque
401 374 508 414 fines
538 375 663 414 turba
692 373 984 413 Christiadum
1014 372 1172 421 colunt,

165 440 426 480 Elizabctam
456 439 692 492 principem
723 439 870 479 crebra
899 451 1024 490 prece

164 505 319 545 Adhuc
347 505 579 546 molestant
608 507 653 544 et
682 508 799 544 tuam
831 507 1013 544 mortem
1044 504 1268 555 expetunt.

165 571 224 610 At
253 570 346 623 ipsa
374 583 531 611 nomen
560 570 724 621 regium
754 570 870 609 nulla
900 569 1129 621 inquinans

173 635 450 677 Crudelitatis
479 636 573 676 labe
604 636 681 675 tibi
712 636 843 674 vitam
874 634 1005 675 dedit.

593 724 820 764 Stuarta.

168 789 290 838 Quod
320 803 407 830 non
437 790 610 840 ademit,
640 789 746 829 illud
777 789 935 829 obicias
965 788 1143 828 datum?

164 854 308 906 Egone
340 868 392 895 ex
423 868 566 896 sorore
596 855 776 896 debeam
805 854 975 906 aequali
1004 857 1133 901 statu,

166 920 334 960 Genere
364 923 494 973 atque
525 934 632 961 sexu
663 920 813 961 eodem
843 923 887 960 et
916 918 1187 960 innocentiae

165 986 346 1038 sperare
377 985 576 1026 veniam?
604 985 796 1026 Iudicem
826 998 949 1037 reges
977 985 1168 1024 habent?

167 1051 289 1101 Quod
318 1051 355 1092 si
383 1054 527 1091 tamen
557 1054 738 1103 cognata
766 1050 970 1091 iudicium
1000 1051 1044 1090 in
1073 1063 1221 1102 parem

166 1116 349 1157 Exercet
378 1116 512 1156 ullum
543 1117 633 1156 sive
663 1130 782 1157 amor
810 1117 955 1168 legum
984 1116 1116 1165 iubet,

167 1181 251 1221 Cur
279 1181 430 1222 statuit
460 1181 621 1234 ahquid
650 1184 771 1235 parte
802 1181 995 1222 inaudita
1024 1181 1189 1221 altera?

602 1265 791 1305 Amias.

164 1328 318 1370 Partes
347 1330 514 1382 peregit
544 1335 644 1370 tuus
673 1330 919 1370 Amiltonus
948 1333 1046 1369 tuas

166 1394 317 1435 Coram
348 1395 579 1436 Britannae
608 1396 689 1436 rite
721 1395 899 1436 concitis
928 1395 982 1435 ad
1011 1395 1092 1435 hoc

168 1459 387 1501 Iudicibus
417 1460 551 1501 aulae.

589 1544 811 1585 Stnarta.

592 1609 763 1649 Nemini
793 1609 929 1649 audiri
959 1622 1075 1650 ream

164 1672 215 1712 ln
244 1674 498 1714 servitutem
528 1678 731 1727 quattuor
759 1675 907 1715 lustris
937 1674 1081 1714 datam
1094 1676 1115 1713 ζ)

591 1758 806 1798 Armias.

165 1821 263 1862 Huc
289 1822 410 1862 venit
438 1822 576 1863 omnis
605 1824 709 1863 urbe
739 1822 897 1863 missus
926 1823 1042 1874 regia

168 1885 342 1926 Coetus:
373 1887 594 1938 dynastae,
626 1888 851 1940 principes,
882 1887 1008 1937 docti,
1039 1900 1178 1936 senes,

167 1951 230 1990 De
261 1963 390 1992 causa
418 1952 587 1992 abunde
617 1953 835 2004 cognitum
864 1965 1001 2005 nuper
1029 1955 1114 1992 tua.

589 2028 811 2070 Stuarta.

170 2097 314 2148 Quid?
342 2099 553 2152 Principis
583 2113 788 2152 cognosse
819 2101 871 2141 de
902 2114 1030 2141 causa
1058 2099 1231 2141 minor?

607 2182 792 2224 Amias.

165 2247 411 2288 Elizabetae
441 2247 594 2288 iudicis
622 2248 763 2288 locum
792 2252 954 2290 tenent.

588 2331 810 2373 Stuarta.

165 2394 344 2435 Aliusne
373 2395 503 2436 iudex
533 2410 557 2436 a
586 2396 678 2437 Deo
706 2411 831 2450 reges
860 2400 1034 2439 manet?
