1623 2655
198 77 253 116 52

237 268 306 292 1180

235 726 302 751 1185

229 1053 297 1077 1190

230 1381 299 1405 1195

228 1706 296 1730 1200

215 1897 294 1930 Hla]

230 2031 299 2056 1205

222 2358 289 2383 1210

578 76 837 111 ROVLERWS,
865 77 1075 107 STVARTA.
1095 79 1152 106 IV.

344 189 400 228 Et
428 189 616 230 hostium
646 203 714 229 me
745 191 946 243 expediet
975 191 1210 232 immunem
1238 206 1369 233 manu

344 254 529 307 Meoque
559 258 776 295 servatore
806 255 995 306 donabit,
1027 257 1118 297 Deo

343 320 441 359 Meo
471 333 653 371 meoque
687 320 858 361 domino
888 324 931 361 et
959 327 1134 362 aeterno
1163 326 1296 375 patre.

775 427 977 468 Chorus.

395 516 416 555 Ι
444 529 576 556 1111110;
608 529 703 556 esse
732 529 841 568 nega
869 520 1127 569 perpetuum
1155 519 1262 559 nihil

339 581 392 621 Et
422 581 582 622 sentire
613 581 751 621 vicem
781 584 950 634 sceptra
977 584 1222 635 potentium

338 647 394 686 Vt.
422 659 492 687 res
522 647 793 699 terrigenum,
824 647 1009 697 credule,
1040 650 1216 698 ceteras,

342 712 461 761 Quae
491 713 659 751 fortuna
689 716 833 752 tamen
863 715 977 752 stare
1008 716 1126 753 vetat
1155 714 1259 754 1000.

391 776 485 817 Non
517 780 583 817 est
612 778 705 829 ipsa
734 777 857 818 bonis
886 778 1006 817 firma
1035 779 1232 829 beatitas,

338 842 435 882 Sint
463 843 622 882 virtute
653 856 778 895 pares
808 843 874 883 dis
902 843 1003 883 11001
1032 844 1179 884 inclita

335 907 391 947 Et
420 908 521 947 01311
547 909 718 960 generis
746 908 908 948 lumine
937 909 1103 949 nobiles

335 973 452 1012 Dent
478 974 619 1025 legem
648 974 821 1026 populis
850 974 1142 1026 imperiosius:

336 1038 448 1088 Quin
477 1051 607 1090 regno
638 1039 835 1079 dominus
865 1040 1045 1091 quilibet
1075 1053 1239 1092 aspero,

334 1104 381 1144 Si
409 1117 495 1144 non
524 1107 733 1157 perpetuo
761 1104 929 1157 longius
958 1106 1141 1158 imperat

335 1170 656 1222 Exemptosque
685 1171 775 1210 suis
806 1170 972 1222 legibus
1002 1176 1044 1210 et
1073 1185 1199 1223 pares

334 1235 455 1287 Cogit
490 1236 699 1288 supplicio
729 1236 903 1276 subdier
932 1236 1073 1288 impio.

333 1301 403 1341 Sic
437 1301 491 1340 ad
520 1305 619 1340 vota
649 1301 764 1341 cadit
794 1301 1006 1353 quidlibet
1034 1302 1238 1354 improbis

337 1367 514 1406 Praeter
542 1370 714 1418 tempus
745 1367 870 1416 iners,
901 1380 1087 1419 namque
1116 1368 1255 1408 fluunt
1284 1368 1389 1419 dies,

335 1431 653 1483 Versanturque
683 1436 775 1471 rota
805 1445 935 1484 regna
964 1433 1153 1472 volubili.

333 1497 502 1546 Quanto
530 1503 629 1549 post
659 1496 863 1549 Solymen
893 1501 1086 1550 tempore
1117 1498 1300 1538 dirutam

333 1562 450 1601 Gens
478 1562 637 1601 Iudaea
667 1562 765 1613 iugo
795 1563 873 1602 sub
905 1562 1140 1614 Babylonio

332 1627 429 1667 Heu
459 1627 665 1667 translata
695 1631 823 1679 caput
854 1627 960 1666 vidit
989 1627 1043 1667 ad
1075 1630 1270 1667 exterum

334 1691 597 1732 Ornamenta
625 1705 702 1732 suo
733 1692 877 1732 debita
906 1692 1120 1744 principi?

332 1756 523 1797 Mentem
552 1770 637 1796 non
667 1758 853 1796 subeunt
882 1757 1023 1796 vincla
1052 1757 1268 1797 Manassei

329 1822 592 1874 Davidisque
623 1823 770 1862 vices?
800 1822 1005 1874 Quaeque
1036 1823 1257 1874 tyrannico

334 1886 518 1927 Morraei
546 1887 724 1939 imperio
754 1900 881 1940 passa
911 1887 1137 1928 Caledonis

330 1952 569 2003 Regnatrix
598 1952 777 2003 animae,
808 1966 894 1992 non
923 1952 1178 1993 diadematis

337 2017 435 2057 Heu
465 2018 631 2058 obieeta
659 2019 778 2069 gravi
808 2032 937 2071 saepe
966 2018 1156 2070 periculo

330 2082 386 2122 Et
413 2096 527 2122 nunc
554 2084 775 2123 barbarico
805 2083 977 2124 subdita
1007 2084 1185 2123 carceri:

328 2148 616 2188 Testanturne
647 2149 752 2189 satis
781 2163 866 2189 non
895 2150 985 2189 fore
1016 2152 1240 2201 perpetem

327 2213 487 2253 Laetae
515 2214 777 2264 terrigenum
806 2214 933 2254 sortis
962 2214 1224 2265 imaginem?

379 2278 469 2318 Neo
498 2282 556 2325 tu,
587 2291 696 2330 quae
726 2279 832 2319 solio
862 2280 971 2319 freta
1000 2278 1246 2320 Britannico

328 2344 480 2384 Terres
510 2342 772 2384 Christiadas
802 2347 846 2384 et
874 2345 952 2384 tibi
980 2344 1174 2397 proximo
