1623 2655
171 459 240 484 1435

173 785 242 810 1440

179 1207 248 1232 1445

179 1534 248 1559 1450

163 1598 251 1632 [J2a]

184 1957 253 1983 1455

187 2286 256 2311 1460

530 64 1080 101 ΗΟΥΒΕΒΠἙ,ΞΤΥΑΗΤΑ.Ῡ.
1430 66 1480 106 61

275 183 474 223 Vitamve
504 183 719 235 quondam
747 183 894 235 nilque
925 181 1184 235 culpandum
1215 179 1356 232 palam

274 249 330 289 Et
359 249 420 289 sic
446 252 652 301 patrasse.
712 248 915 300 Cognitas
943 248 1036 297 tibi,
1066 247 1195 295 Deus,

277 314 486 367 Expunge
516 314 683 366 culpas;
715 317 849 366 utque
880 314 921 353 in
951 312 1130 364 antiqua
1158 311 1242 351 fide

278 379 331 419 Et
358 379 563 431 religione
593 379 845 430 sanguinem
876 379 1053 418 fundam
1082 377 1282 417 ultimum

278 445 331 485 Et
360 445 403 484 in
432 445 582 485 beatas
611 444 798 484 aetheris
826 444 954 485 sedes
982 444 1125 492 vehar,

277 509 406 550 Adite
436 524 512 562 pro
542 524 622 559 me,
654 510 842 558 caelites,
874 523 1022 561 regum
1050 511 1229 561 patrem,

279 575 361 625 Qui
390 579 504 616 terra
534 580 577 616 et
606 576 693 616 alto
722 576 886 628 primus
916 574 1143 627 imperium
1173 573 1356 613 obtinet:

278 641 361 681 Pro
390 655 458 681 me
489 645 533 681 et
561 641 715 680 Latino
744 641 825 680 rite
856 644 1093 693 mystarum
1123 639 1309 690 auspice,

277 706 360 746 Pro
389 719 457 745 me
488 709 617 758 atque
647 706 808 745 Hibero
838 705 1127 756 Francicoque
1158 703 1341 755 regibus,

280 771 364 811 Pro
393 784 461 811 me
492 774 536 811 et
563 772 718 811 Iacobo
747 784 846 822 rege
878 775 920 810 et
949 773 1116 822 agnata,
1147 781 1306 821 precor,

280 836 510 886 Elizabeta,
540 850 616 888 pro
648 836 890 876 Caledoniis
920 836 1039 875 meis.

618 926 798 966 Puella
826 926 1004 977 prima.

280 996 315 1036 O
345 997 492 1037 thema
520 998 747 1049 tragicum!
806 997 1002 1037 Funebre
1033 1010 1057 1036 o
1087 995 1392 1047 spectaculum,

280 1061 444 1112 Ferale,
474 1063 660 1111 foedum,
691 1062 953 1102 luctuosum!
1011 1061 1065 1099 Et
1095 1060 1209 1112 quod
1240 1059 1388 1107 Getae,

282 1127 405 1177 Quod
426 1128 598 1180 Scytha,
630 1127 743 1180 quod
773 1127 867 1166 Afri
889 1130 932 1166 et
962 1126 1163 1178 Caspium
1191 1125 1294 1164 litus
1325 1125 1475 1164 colens

286 1193 395 1233 Fera
425 1193 701 1246 pertimescat
730 1193 922 1232 trucibus
950 1195 1025 1231 aut
1054 1191 1201 1231 Hister
1230 1191 1373 1242 fugam

282 1259 501 1298 Praebens
531 1258 692 1307 Alanis,
724 1259 819 1310 quis
847 1261 912 1297 tot
941 1257 1111 1310 imperii
1139 1256 1254 1296 notis

283 1324 471 1364 Illustris
501 1336 596 1363 aras
626 1324 845 1375 hospitum
875 1323 1031 1375 sparsit
1062 1324 1214 1362 cruor?

284 1389 390 1429 Tam
419 1392 568 1429 sancta
597 1402 726 1429 saevo
755 1389 949 1428 membra
978 1387 1211 1428 Diomedes
1239 1386 1356 1438 gregi

285 1454 510 1506 Epulanda
537 1455 715 1506 posuit?
771 1454 875 1494 Tale
903 1453 1180 1506 parricidium

287 1520 392 1570 Quis
419 1520 505 1559 heu
533 1525 742 1572 tyrannus
771 1520 943 1560 saeculo
973 1519 1145 1559 admisit
1175 1531 1251 1558 suo
1263 1520 1284 1557 ζ)

291 1587 396 1636 Quis
425 1586 608 1626 Colchus
638 1587 761 1635 eheu,
793 1586 902 1635 diva,
934 1598 1061 1637 quani
1091 1584 1216 1624 video
1245 1586 1376 1631 tuam,

286 1654 463 1705 Regina,
493 1654 765 1694 maiestatem
796 1655 840 1692 et
868 1651 1036 1704 imperii
1067 1650 1227 1689 decus?

701 1743 940 1782 Stuarta.

288 1815 347 1852 At
373 1827 458 1853 non
488 1814 700 1866 spopondi
729 1826 805 1853 vos
833 1812 933 1852 huic
961 1811 1070 1851 tales
1098 1810 1234 1862 globo.

289 1878 445 1919 Exuite
474 1883 636 1919 memet
664 1876 997 1931 impedimentis,
1028 1888 1169 1927 neque

294 1944 536 1984 Admoveat
564 1945 647 1984 huc
676 1944 852 1984 satelles
881 1945 955 1983 aut
983 1942 1106 1981 lictor
1134 1953 1320 1980 manum.

290 2009 519 2062 Nunquam
548 2009 755 2049 ministris
783 2022 861 2049 usa
890 2008 1074 2060 primum
1102 2006 1274 2055 talibus,

290 2076 521 2128 Nunquam
549 2076 694 2115 viriles
723 2078 824 2114 ante
855 2076 1110 2125 conspectus
1141 2084 1220 2123 ego

295 2141 393 2182 Mea
421 2142 613 2181 membra
640 2141 760 2192 regni
789 2140 975 2180 cultibus
1002 2151 1128 2178 mane
1159 2136 1341 2188 expedii.

345 2208 431 2248 Sed
462 2208 617 2260 pignus
646 2206 774 2255 istud,
805 2205 1007 2254 carnifex,
1039 2203 1134 2243 diae
1165 2201 1302 2241 crucis

293 2272 531 2325 Imaginem
559 2272 704 2325 puella
732 2272 813 2312 sibi
842 2272 987 2311 servet
1016 2269 1125 2309 sine:

296 2342 414 2391 Quae
442 2344 509 2380 ter
536 2338 737 2378 refundet
765 2350 918 2376 aureae
947 2335 1133 2388 pretium
1161 2333 1252 2372 tibi.
