1623 2655
104 245 156 272 980

104 796 157 822 985

109 1255 161 1281 990

107 1672 159 1698 995

83 1799 162 1833 Gla]

92 2088 162 2113 1000

437 50 695 84 ROYLERH'S,
724 49 931 78 STVARTA.
959 48 1016 74 lv.
1347 51 1401 90 45

194 166 338 219 Aequi
366 168 496 217 atque
525 164 659 216 iniqui
690 163 904 204 vindicem
935 166 979 203 et
1006 176 1154 215 regum
1183 165 1364 215 patrem,

194 232 277 272 Vbi
304 231 442 284 perire
471 230 589 270 iussa
616 230 754 269 lucem
786 229 965 281 liquere,

196 298 369 337 Nullam
397 296 596 336 daturum
625 295 790 347 patriae
820 295 1011 346 ingratae
1042 307 1204 335 moram

193 363 263 403 Ad
291 361 510 402 ultionem.
568 360 738 400 Moriar.
795 360 878 399 Hic
906 374 992 400 nou
1021 364 1088 401 est
1115 374 1275 400 novum

195 427 398 469 Occidere
427 440 563 478 reges.
622 426 757 466 Maria
786 425 1000 465 Canutum
1030 439 1197 478 sequar,

193 494 359 546 Sequar
387 492 660 532 Richardum.

634 564 816 603 Amias.

727 623 913 675 Imperia
942 625 1114 675 reginae
1145 623 1267 664 feras.

605 713 849 752 Stuarta.

195 783 281 823 Sed
310 784 409 836 plus
438 783 541 836 quid
571 784 614 823 in
643 797 711 823 me
742 783 879 835 possit
908 782 1086 835 imperio
1116 785 1192 822 tua

197 848 335 898 Quam
363 862 541 889 nemora
561 849 718 889 circuni
748 848 992 889 hominibus
1021 847 1229 889 insidians
1258 849 1402 890 latro?

197 914 313 964 Quos
342 928 396 955 ne
426 915 624 964 trucidet,
655 914 713 954 nil
743 914 826 954 nisi
854 913 972 966 leges
1000 917 1152 954 vetant

195 980 500 1021 Humanitatis.

633 1041 823 1081 Amias.

577 1112 688 1162 Quid
717 1112 824 1153 seris
854 1112 982 1152 fando
1012 1115 1183 1152 moras?

200 1176 408 1217 Velamen
437 1178 554 1218 istud
584 1179 749 1230 regium
779 1178 934 1217 abicite
964 1178 1094 1226 ocius,

199 1242 378 1282 Famuli.
438 1243 550 1293 Quid
578 1243 692 1283 ult-ra
720 1257 845 1296 porro
874 1243 1087 1283 cessatis?
1145 1243 1238 1283 Cito

199 1307 361 1359 Regale
391 1309 601 1362 quidquid
631 1312 807 1361 superat
836 1307 993 1348 auferri
1023 1308 1159 1349 decet.

605 1392 851 1432 Medicus.

196 1463 371 1503 Maioris
400 1463 523 1503 aulae
554 1476 683 1515 quam
710 1464 894 1516 probant
924 1463 1095 1514 dignam
1124 1463 1248 1503 bonis

200 1528 255 1567 Et
282 1529 422 1581 patria
451 1532 496 1569 et
524 1529 638 1570 orbis
669 1532 712 1569 et
741 1530 860 1569 Deus
890 1528 1050 1581 spolias
1079 1527 1198 1569 suis?

196 1593 276 1634 Vis
304 1597 353 1634 ut
381 1594 558 1635 verendi
587 1594 740 1647 capitis
769 1604 966 1634 ornatum
997 1594 1272 1634 abstraham?

198 1660 292 1710 Qua
319 1660 459 1700 fronte
491 1673 629 1712 quave
659 1660 838 1701 dextera
866 1662 1037 1700 tantum
1066 1659 1284 1700 audeam?

201 1725 323 1766 Prius
351 1727 506 1766 Arctos
536 1726 671 1766 altum
701 1726 873 1766 deseret
900 1726 1028 1778 lapsu
1056 1725 1217 1777 polum,

201 1790 436 1842 Potiusque
464 1792 604 1843 patiar
631 1794 805 1844 praesto
835 1804 932 1831 cum
960 1790 1087 1831 sociis
1116 1803 1279 1840 necem,

199 1855 255 1894 Et
283 1860 383 1895 ante
413 1856 529 1896 mitis
559 1869 655 1896 esse
686 1856 837 1905 disces,
867 1856 1006 1896 Amia.

631 1939 830 1978 Amias.

200 2009 297 2049 Huc
325 2010 421 2060 huc,
451 2010 638 2051 satelles.
696 2011 776 2060 Ite,
805 2010 949 2050 laxate
978 2010 1090 2050 hanc
1118 2010 1236 2050 tholo

200 2075 375 2127 Regalis
404 2076 491 2116 alto
521 2077 743 2116 carbasum
774 2076 939 2116 decoris
966 2079 1131 2116 notam:

200 2141 437 2193 Supremus
465 2141 600 2182 instat
627 2155 814 2194 namque
843 2142 1038 2194 captivae
1068 2141 1172 2181 dies.

202 2206 340 2255 Quem
369 2206 471 2247 dum
500 2220 737 2257 manemus,
767 2207 947 2247 carceris
977 2210 1133 2254 custos,
1164 2206 1265 2258 vigil

202 2270 384 2312 Intende
414 2285 559 2312 curam
588 2273 748 2325 pariter
776 2276 820 2313 et
847 2285 1017 2312 mecum
1046 2272 1143 2312 vide

201 2337 451 2388 Augustius,
482 2352 567 2390 quo
595 2339 733 2390 possit
760 2338 890 2379 artari
917 2351 1002 2378 rea.
