1696 2676
707 96 962 131 ROVLERLVS,
991 96 1038 123 ST
1044 96 1198 123 VARTA.

432 212 480 248 ut
508 212 661 248 neutra
690 208 810 248 alteri
842 208 932 248 viso
961 209 1135 261 pignore
1163 209 1336 249 deesset
1356 209 1626 261 periclitanti.

433 274 547 314 Dum
575 274 682 314 haec
710 277 927 326 geruntur,
957 274 1138 314 Iacobus
1158 287 1213 314 ex
1232 274 1454 324 Monacho,
1485 288 1628 315 comes

431 339 660 387 Moraviae,
690 339 840 379 matris
868 339 1004 379 fretus
1033 339 1258 389 insomnio,
1289 352 1398 391 quae
1426 340 1518 380 visa
1546 339 1627 381 sibi

432 405 573 444 fuerat
593 404 819 444 draconem
841 403 957 453 eniti,
979 403 1053 456 qui
1073 404 1291 444 Seoticum
1310 405 1478 444 leonem
1500 405 1627 458 spiris

373 486 389 508 ε,
434 470 673 510 involutum
693 469 875 521 pedibus
895 469 1090 517 calcaret,
1120 469 1487 522 archiepiscopum
1510 470 1626 511 Glas-

361 550 451 583 uma]
485 535 667 583 conium,
709 548 763 574 ne
802 534 924 574 novis
959 533 1002 572 in
1038 533 1183 574 Scotia
1216 537 1217 581 l
1251 535 1379 575 rebus
1415 535 1544 585 obsit,
1582 535 1626 575 in

358 814 389 835 10

356 1465 389 1487 ζξί)

351 2115 385 2137 30

436 600 575 640 Gallia
604 602 811 652 perpetuo
842 599 969 650 legati
1007 602 1050 638 ct
1088 600 1267 639 oratoris
1305 600 1410 651 regii
1449 614 1626 641 munere

434 664 552 716 fungi
589 667 796 716 oportere,
832 664 875 703 in
910 663 1100 704 animum
1130 665 1262 704 sorori
1293 665 1469 706 inducit.
1534 665 1627 715 Qua

436 729 590 769 deinde
612 729 799 769 Henrico
814 729 994 769 Darlaeo
1014 732 1150 782 nupta
1171 730 1484 782 conspiratores
1504 731 1546 771 in
1567 745 1625 771 re-

432 796 558 847 ginae
588 795 829 835 cubiculum
859 794 1039 846 ingressi
1060 794 1270 834 Davidem
1292 808 1317 834 a
1337 794 1514 836 secretis
1535 796 1626 836 eius

432 860 692 900 confodiunt.
730 860 828 912 Ipsa
854 873 950 899 cum
971 860 1148 910 coniuge
1170 863 1298 899 noctu
1318 873 1395 912 per
1414 862 1627 912 posticum

434 938 603 976 egressa
625 925 844 977 aliqimnto
873 928 971 977 post
991 925 1195 964 Iacobum
1216 925 1286 965 Vl.
1317 927 1496 978 peperit.
1539 926 1624 965 Mo-

435 991 577 1030 ravius
607 993 727 1030 curat
747 990 975 1029 Darlaeum
998 990 1221 1030 subversis
1243 990 1419 1042 pulvere
1444 994 1624 1031 tornien-

433 1057 539 1095 tario
561 1056 739 1095 aedibus
756 1054 1013 1107 Edemburgi
1034 1056 1245 1104 suffocari,
1267 1056 1459 1108 reginam
1479 1057 1626 1097 haberi

434 1121 577 1161 caedis
620 1123 837 1160 auctorem
879 1125 922 1159 et
964 1119 1018 1159 ad
1059 1120 1299 1171 augendam
1343 1121 1542 1161 adulterii
1584 1124 1627 1161 et

432 1186 643 1239 parricidii
674 1185 961 1238 suspicionem
990 1185 1237 1235 Bothnelio,
1275 1186 1347 1237 qui
1382 1186 1426 1226 in
1462 1186 1626 1226 facinus

432 1251 610 1304 impium
649 1251 981 1303 conspiraverat,
1018 1253 1196 1300 nubere,
1237 1264 1322 1290 non
1357 1251 1492 1290 inulto
1529 1255 1627 1303 post

431 1316 832 1368 ignominiosissime
868 1329 996 1366 regno
1027 1330 1072 1355 se
1104 1315 1319 1363 abdicare,
1356 1316 1444 1367 regi
1474 1316 1624 1356 infanti

432 1385 619 1422 rectoros
641 1381 880 1433 designare:
909 1395 1090 1433 quorum
1110 1381 1202 1433 ipse
1224 1381 1388 1433 primus
1410 1384 1454 1420 et
1472 1394 1626 1433 prorex

434 1448 718 1487 confirmatus.
777 1446 921 1487 Iacobi
940 1446 1011 1486 VI.
1038 1460 1170 1498 regno
1192 1445 1436 1497 inaugurati
1455 1447 1628 1486 nomine

434 1512 477 1551 in
507 1512 755 1562 doctrinam,
795 1513 902 1552 ritus
920 1516 976 1553 -et
1007 1513 1135 1552 verba
1164 1511 1339 1551 Ioannis
1370 1511 1535 1552 Calvini
1565 1524 1625 1552 co-

432 1578 635 1617 niuratur.
685 1578 744 1616 At
772 1578 916 1628 regina
945 1577 1251 1617 catholicorum
1279 1577 1437 1616 auxilio
1458 1589 1626 1617 earcere

433 1643 624 1690 liberata,
660 1643 732 1682 ubi
769 1642 922 1693 egregii
953 1641 1096 1682 fratris
1127 1642 1300 1682 decreto
1331 1641 1525 1681 custodia
1553 1655 1623 1694 pu-

431 1707 541 1747 blica
569 1709 808 1756 tenebatur,
840 1707 1030 1746 exercitu
1060 1708 1243 1747 conflato
1273 1719 1368 1746 cum
1396 1706 1625 1746 rebellibus

375 1790 389 1813 ,π
435 1773 634 1824 confligit.
673 1773 883 1812 Vincitur:
915 1773 1072 1824 cogitat
1092 1772 1135 1811 in
1157 1771 1374 1823 Anglian13
1406 1771 1630 1812 dissuadet

433 1838 708 1878 Hamiltonus
743 1838 796 1877 ad
826 1839 874 1877 I).
906 1838 1105 1877 Andreae
1136 1837 1484 1889 archiepiscopus
1512 1850 1627 1876 revo-

434 1904 540 1944 catis
573 1906 685 1943 retro
718 1903 927 1955 exemplis
954 1904 998 1943 in
1030 1902 1298 1943 memoriam:
1334 1901 1627 1942 Alexandrum

434 1968 642 2009 Albaniae
673 1969 837 2017 ducem.
869 1968 1143 2008 Macohnium
1174 1968 1245 2007 IV.
1278 1970 1323 2008 et
1352 1967 1626 2007 Guilielmum

436 2036 588 2074 fratres
631 2034 674 2073 in
709 2034 863 2084 Anglia
905 2034 1119 2085 quondam
1164 2033 1476 2085 mancipiorum
1510 2044 1627 2070 more

437 2100 648 2148 detentos,
678 2100 879 2138 Iacobum
910 2099 941 2138 Ι.
979 2112 1112 2138 annos
1142 2095 1438 2149 duodeviginti
1466 2095 1624 2135 ibidem

437 2164 666 2204 crudeliter
685 2163 901 2216 captivum
931 2163 1076 2203 fuisse.
1136 2163 1426 2202 Nihilominus
1445 2160 1625 2213 appulsa

437 2230 481 2270 in
509 2228 709 2281 Angliam
738 2228 881 2279 regina
913 2227 1291 2281 comprehenditur
1312 2230 1355 2267 et
1373 2239 1399 2266 a
1426 2224 1624 2265 Knollide

438 2293 802 2347 praetorianorum
833 2294 1060 2346 praefecto.
1092 2293 1245 2332 deinde
1268 2305 1293 2331 a
1322 2290 1486 2331 Comite
1513 2290 1625 2330 Sars-

437 2360 578 2400 berico
627 2362 669 2399 et
716 2360 893 2398 Pauleto
941 2358 1065 2398 Amia
1114 2358 1156 2397 in
1204 2371 1298 2397 arce
1346 2355 1624 2406 Fodringaiae
