1623 2655
85 270 137 296 585

86 596 138 622 590

87 922 139 947 595

89 1247 140 1271 600

42 1308 129 1341 [Ela]

87 1571 138 1597 605

90 1899 141 1924 610

93 2225 145 2251 615

425 140 683 175 ROVLERIVS,
705 139 912 167 sTVARTA.
955 139 993 164 ll.

176 257 439 308 Spretorque
469 253 578 293 sacri
607 251 795 292 numinis
825 252 971 304 Eglon,

174 320 303 361 Modo
333 319 495 360 crudeli
525 319 662 358 Marte
693 317 929 357 Philisteus

176 387 229 426 Et
249 385 438 426 Madiani
466 384 649 424 bellator
678 396 824 434 eques7

175 450 303 491 Modo
332 449 488 490 ferales
517 448 814 488 Amaleohitae

175 516 377 556 Pressere
407 515 506 566 iugo
535 527 671 566 genus
702 513 928 554 Isaeidum.

174 580 230 620 Et
258 581 337 621 sub
368 580 563 620 Thaboro
594 582 733 618 eastra
763 581 836 618 aut
865 579 1028 618 Libano

174 646 265 686 Aut
293 645 498 686 Gelboeis
529 645 677 684 fudere
707 643 816 695 iugis

174 711 378 763 Alibique
409 710 490 750 diis
521 710 672 750 adfusa
702 710 819 761 prius

176 777 231 816 Et
258 777 518 816 fabrefactos
549 778 648 815 ante
678 775 883 815 iuvencos

177 844 321 893 Atque
352 842 395 880 in
425 841 534 881 lueis
563 843 698 881 strata
727 840 915 892 profanis

178 907 232 946 Et
261 906 394 946 divini
423 906 567 946 nescia
596 906 751 946 iussus.

232 971 338 1021 Quis
366 976 434 1011 sat
463 971 618 1011 misera
648 984 750 1011 voce
781 975 985 1023 queratur

179 1037 382 1077 Clausum
411 1036 537 1088 longo
566 1039 759 1088 tempore
790 1037 958 1076 eaelum

179 1102 321 1142 Terris
350 1102 509 1141 imbres
539 1101 650 1141 ultro
680 1114 860 1153 negasse

179 1168 400 1219 Tanquam
430 1167 608 1218 rigidam
639 1167 740 1206 ferri
770 1180 981 1206 cameram

178 1233 366 1284 Diraque
396 1232 508 1272 fame
537 1233 665 1283 vulgo
696 1232 959 1272 exstinctum

182 1298 362 1338 Mortale
391 1299 560 1349 genus?
618 1298 721 1348 Quis
751 1298 854 1338 mihi
884 1299 1035 1350 dignas

175 1363 261 1402 Det
289 1363 497 1415 ploranda
527 1362 702 1415 Solyma
732 1364 942 1413 lacrimas,

176 1427 295 1478 Quae
325 1424 581 1480 populorum
610 1429 755 1481 regina
785 1429 937 1481 ingens

177 1494 449 1545 Tantumque
479 1493 584 1533 alias
614 1508 823 1546 superans
854 1496 980 1535 urbes

178 1559 396 1608 Quantum
426 1560 606 1600 nebulas
635 1560 794 1600 arduus
824 1561 1003 1600 aether?

177 1625 412 1677 Postquam
441 1625 629 1666 numinis
660 1626 793 1666 oblita
822 1627 960 1666 minas

179 1690 269 1731 Nec
298 1690 537 1731 simulacris
566 1691 647 1731 rite
676 1691 830 1741 litavit,

176 1756 307 1796 Sacra
336 1757 564 1797 confestim
593 1758 724 1797 vertit
753 1759 806 1798 ab
836 1759 920 1797 imo

180 1822 278 1861 Dux
305 1822 512 1874 Assyrius
541 1823 710 1862 moenia
739 1823 874 1863 fundo

181 1886 235 1926 Et,
263 1886 504 1928 Salomonis
531 1889 754 1940 penetrale
785 1892 922 1929 vetus.

179 1950 302 2006 Caesi
330 1950 509 1992 iuvenes
539 1956 583 1992 et
612 1954 827 1993 communi

180 2016 366 2057 Senibus
395 2017 518 2069 pueri
547 2018 778 2069 puerisque
808 2032 936 2059 senes

180 2080 349 2121 Funere
378 2081 524 2132 iuneti,
555 2095 706 2122 eaesae
736 2087 896 2124 matres

182 2147 263 2187 Vel
291 2148 498 2188 servitum
529 2148 682 2188 ductae
713 2149 766 2189 ad
796 2149 909 2202 Syrii

183 2212 333 2265 Regna
361 2213 544 2266 tyranni.

179 2277 278 2319 Heu
307 2279 392 2319 heu
420 2279 613 2331 geminas
642 2283 738 2332 post
767 2282 888 2333 terga
916 2296 1069 2323 manus

178 2343 315 2396 Capta
342 2345 583 2385 revinctum

181 2407 279 2449 Heu
309 2409 564 2451 Sedeehiam
593 2423 723 2451 saeva
753 2425 926 2453 suorum

1336 139 1387 179 31
