1623 2655
152 261 222 286 1380

144 587 214 613 1885

137 1158 210 1183 1390

132 1739 202 1766 1395

111 2134 201 2186 [tha]

504 67 1056 103 ROVLERJVS,STVARTA.V.
1413 68 1468 108 59

254 181 318 222 Ne
348 182 512 235 patriae
543 182 729 222 titubata
757 181 886 230 salus,
917 195 971 221 ne
1001 181 1092 220 iura
1121 180 1330 220 Tonantis

261 246 516 299 Religioque
546 246 713 296 cadant,
744 247 900 299 quibus
929 246 1139 286 hactenus
1168 245 1263 297 ipsa
1283 245 1461 285 timetur

254 312 440 353 Exitiale
468 312 575 352 mihi
602 312 847 364 vestrisque
876 310 1107 364 nepotibus
1136 324 1275 357 omen,

252 378 344 419 Iam
372 377 548 418 tandem
579 377 765 418 concedo
794 377 902 417 mori
930 377 1192 429 meritasque
1223 376 1431 416 malorum

252 443 514 496 Auspicibus
544 446 643 496 post
671 456 739 483 me
765 443 887 482 vobis
917 442 1161 495 expendere
1191 455 1352 494 poenas

250 509 363 550 Arce
393 507 660 560 Fodringaiis
689 508 817 548 Amia
847 507 1025 548 custode
1055 508 1302 547 revinctam.

306 573 394 624 Ite3
426 574 536 614 ferat
564 576 754 614 nostram
784 573 976 614 immisso
1004 573 1154 613 lictore
1184 572 1367 613 securim

249 639 426 692 Imperii
454 639 689 679 resecanda
717 639 811 679 lues
840 638 1141 691 praesentibus
1170 638 1308 687 isthic,

252 704 383 754 Queis
414 718 488 746 vos
517 718 701 757 cumque
731 703 854 744 datis.
901 704 1122 744 Iussorum
1150 704 1257 744 haec
1285 717 1454 744 summa

1256 783 1451 810 meorum

249 835 386 886 Quam
406 850 547 889 neque
567 837 776 876 maiorum
796 837 913 888 leges
933 850 1073 888 neque
1100 837 1191 876 iura
1221 839 1453 877 morentur.

334 937 637 989 Borumgus.
697 937 930 978 Stuarta.
989 938 1027 977 K
1040 939 1225 978 entius.

625 1015 935 1067 Borumgus.

247 1079 456 1132 Superest
484 1074 656 1120 relectis
686 1094 786 1132 ergo
815 1081 1031 1121 mandatis
1060 1082 1201 1133 palam

248 1145 298 1185 In
327 1158 470 1186 amore
501 1145 659 1186 Christi
688 1146 870 1186 colloces
900 1146 1099 1187 fiduciam

243 1210 299 1250 Et
327 1210 582 1259 Christiano,
614 1211 797 1260 domina,
829 1211 882 1251 de
913 1226 1029 1252 more
1060 1216 1253 1265 oppetas.

667 1300 722 1340 St
734 1314 760 1340 u
770 1314 794 1340 a
804 1304 851 1340 rt
862 1314 897 1342 a.

242 1364 289 1405 Si
317 1365 500 1412 domina,
531 1366 669 1415 iubeo,
700 1368 765 1407 sin
796 1381 932 1418 secus
965 1382 1146 1421 quaeso:
1178 1370 1278 1410 sile!

616 1456 929 1508 Borumgus.

240 1519 363 1570 Quod
392 1520 649 1573 optimatum
679 1522 828 1562 iubeor
856 1523 1034 1576 imperio
1062 1525 1181 1576 gravi

242 1584 438 1638 Veroque
468 1587 583 1639 quod
613 1588 829 1628 conforme
860 1602 1126 1641 cognoscam,
1156 1591 1319 1642 loquar.

665 1666 891 1707 Stuarta.

241 1728 357 1769 Falsi
384 1730 602 1781 magister,
632 1731 669 1770 si
696 1732 802 1772 mihi
831 1732 1100 1784 obsequeris:
1131 1736 1246 1773 tace!

239 1793 331 1833 Pax
361 1797 460 1834 ante
490 1795 575 1835 luci
603 1796 689 1837 fida
718 1810 815 1837 cum
844 1798 1034 1838 tenebris
1065 1798 1157 1848 erit,

241 1857 345 1898 Cum
377 1859 540 1899 Beliale
571 1860 766 1902 Christus
796 1862 840 1902 in
869 1863 1022 1903 foedus
1051 1876 1211 1903 novum

238 1923 485 1964 Descendet
513 1931 625 1975 ante,
656 1940 784 1978 quam
815 1928 919 1967 mihi
947 1929 1168 1981 negotium

237 1988 398 2028 Tecum
427 1989 482 2030 sit
511 1990 646 2030 ullum
676 2005 859 2044 quamve
894 1994 1123 2036 latrantem
1153 1998 1335 2038 audiam.

638 2082 889 2124 Kentius.

242 2143 382 2193 Quid?
411 2144 565 2185 Adhuc
594 2150 766 2188 vetusta
794 2151 838 2188 te
867 2151 1117 2201 superstitio
1146 2156 1263 2192 tenet
1276 2155 1296 2191 ζ)

239 2208 324 2250 Cur
352 2223 540 2262 namque
568 2211 677 2252 ritus
707 2215 750 2253 et
779 2215 1046 2255 sacerdotem
1076 2219 1198 2255 tuum

235 2272 508 2316 Nostratibus
536 2278 764 2329 praeponis
794 2282 838 2318 et
867 2293 997 2332 quare
1028 2294 1196 2321 crucem

236 2339 402 2380 Dextra
429 2342 553 2393 geris,
585 2356 713 2395 quam
742 2348 886 2384 mente
915 2346 1075 2397 gestari
1105 2347 1260 2386 decet?
