1696 2676
329 559 420 591 [mal
470 544 786 593 ADRIANI
825 545 1178 593 ROVLERII
1219 545 1569 595 INSVLANI

831 626 1194 676 STVARTA.

749 718 968 758 Ac'rvs
998 718 1268 759 PRIMVs.

716 830 1013 870 Henricus
1056 834 1320 872 octavus.

453 908 557 958 Quis
588 921 641 947 ex
670 908 881 960 profundo
911 908 1099 947 manium
1131 908 1242 960 cogit
1271 922 1403 961 specu

451 972 584 1013 Adire
614 986 792 1025 superos
822 986 976 1025 meque
1007 974 1252 1014 transcribit
1280 975 1393 1014 malo

451 1038 713 1089 Ingentioriz'
769 1038 917 1078 Iamne
946 1038 1168 1078 decretum
1199 1042 1275 1083 est„
1306 1044 1425 1081 utras

449 1104 618 1143 Timere
648 1104 815 1155 genitor
843 1103 1024 1143 debeam
1053 1108 1199 1156 partes
1228 1104 1364 1156 magis

395 1184 411 1208 5
450 1169 635 1209 Vtraeve
666 1169 789 1221 peius
819 1169 987 1209 oderint
1016 1173 1211 1209 nostrum
1241 1173 1403 1222 caput?

448 1234 544 1274 Illic
571 1235 734 1274 Bolena
764 1237 847 1285 est,
877 1235 961 1274 ista
989 1234 1242 1275 Titheraeae
1272 1235 1375 1285 loca,

450 1299 568 1349 Quae
598 1300 738 1349 video,
766 1298 910 1352 neptis
940 1302 984 1339 et
1012 1299 1139 1339 simul
1168 1303 1295 1340 natae
1324 1300 1448 1350 lares,

447 1366 644 1416 Augusta
672 1368 844 1417 patrum
873 1368 989 1405 tect-a
1017 1364 1235 1405 Londinae
1267 1365 1431 1416 domus,

455 1430 573 1470 Vnde
603 1433 811 1481 augurato
840 1443 971 1481 regna
1000 1443 1092 1470 mos
1122 1429 1352 1470 maioribus

378 1509 411 1533 1ο
450 1495 550 1535 Fuit
578 1495 800 1547 auspicari.
860 1495 1010 1535 Curiae
1040 1496 1109 1535 1110
1138 1495 1273 1546 surgit
1301 1495 1430 1542 locus,

450 1560 544 1600 Illic
572 1574 717 1600 meum
745 1560 946 1609 tribunaL
977 1560 1045 1600 hic
1074 1560 1260 1600 miscens
1290 1574 1370 1600 avo

454 1626 642 1677 Viroque
671 1629 838 1678 patrem
869 1628 913 1665 et
941 1625 1071 1665 filiam
1101 1625 1221 1677 nepti
1252 1628 1382 1666 torus.

450 1691 597 1731 Liceat
626 1691 796 1740 reverti,
826 1704 968 1730 nonne
1000 1691 1156 1730 ferales
1184 1691 1303 1731 lacus

448 1756 602 1796 Inflare
632 1759 834 1809 praestat,
865 1756 973 1796 alter
1002 1756 1214 1796 Henricus
1242 1756 1410 1807 quibus,

378 1837 409 1861 15
448 1821 676 1861 Homicida
706 1822 822 1861 Duffi
852 1821 1059 1873 Vortiger,
1091 1820 1331 1861 Constantii

448 1887 700 1927 Donualdus
728 1887 894 1927 haeret:
927 1886 1122 1939 quisquis
1152 1889 1196 1926 et
1225 1887 1414 1926 saeclum
1442 1887 1574 1939 prius,

333 1963 424 1996 [Bm]
458 1952 662 2003 Quisquis
691 1953 876 2004 potitum
906 1953 1048 1992 fratris
1078 1952 1281 1992 Heroden
1311 1953 1415 1992 toris

444 2018 499 2057 Et
527 2017 791 2069 impudicum
821 2018 961 2069 potuit
990 2019 1248 2057 Ammonem
1277 2018 1413 2070 sequi.

445 2082 532 2122 Sed
560 2082 632 2121 ille
661 2083 796 2122 nostri
826 2083 966 2135 portio
996 2083 1149 2122 incesti
1179 2084 1311 2134 quota
1339 2085 1406 2122 est

377 2162 410 2185 ἕο
450 2147 506 2186 Et
534 2147 701 2187 filiabus
729 2147 891 2187 mixtus
921 2160 945 2186 a
974 2149 1072 2187 vino
1102 2160 1236 2187 senex

447 2213 502 2253 Et
531 2213 601 2252 avi
629 2226 760 2264 gener
789 2213 1010 2264 patrisque
1041 2213 1188 2252 rivalis
1217 2213 1296 2263 sui,

444 2277 596 2318 Frater
624 2291 799 2318 suorum
829 2277 1011 2317 liberum
1042 2281 1086 2317 et
1114 2278 1294 2317 fratrum
1323 2289 1479 2329 parens

442 2343 635 2395 Parsque
667 2342 843 2382 thalami
873 2343 1026 2382 marita
1056 2342 1257 2382 materni:
1288 2341 1510 2393 Oedipus?
