1623 2655
147 199 217 226 1646

147 525 217 551 1550

129 652 213 685 [Ma]

140 850 210 875 1566

139 1177 209 1203 1660

138 1501 208 1528 1666

138 1828 208 1855 1670

142 2151 212 2178 1675

500 58 759 93 ROVLERIVS,
781 57 989 85 STVARTA.
1010 57 1049 85 V.

255 184 383 225 Rima
412 188 588 237 patente
617 184 743 224 video
773 184 958 223 nudatos
987 183 1118 232 humi,

250 250 467 290 Truncum
496 252 710 302 caputque
742 252 785 289 et
813 249 935 300 signa
964 249 1066 288 clari
1095 247 1283 300 corporis

250 316 306 356 Et
335 328 409 355 ora
437 318 482 355 et
509 314 606 354 illas
635 314 794 354 arduae
823 314 977 355 frontis
1005 317 1140 354 notas.

250 381 348 421 Huc
376 380 450 420 illa
478 379 611 420 facies
640 380 739 431 igne
769 379 938 419 sidereo
966 379 1121 428 nitens,

247 446 427 486 Inimica
454 445 636 485 flectens
663 445 826 484 lumina
854 445 938 484 huc
966 444 1120 484 cecidit
1149 445 1294 485 color?

254 511 432 562 Regina,
463 510 573 550 tales
601 510 746 550 intuor
775 510 921 550 vultus
950 513 1049 550 tuos

248 576 462 628 Talesque
493 576 664 627 patior?
694 576 786 625 Quo
817 579 917 615 tuus
947 575 1057 627 fugit
1086 575 1213 615 decor

252 641 462 692 Oculique
491 644 687 681 nostrum
715 640 864 681 sidus'?
893 640 1114 680 Exanimis
1142 639 1268 690 iaces,

250 706 458 758 Neglecta
486 710 531 746 et
558 706 788 759 insepulta3
819 718 1073 758 superamus
1102 708 1262 755 tamen,

247 771 354 811 Cum
385 785 458 811 cur
485 771 593 812 mori
621 772 817 821 velimus,
847 772 945 820 hen,
975 783 1129 811 causae
1158 770 1299 820 nimis,

249 836 333 876 Cur
362 837 506 877 vivere
536 841 694 887 autem,
724 839 862 877 restet
890 837 1074 877 adflictis
1103 836 1208 876 nihil

245 902 338 942 Nisi
366 915 653 952 remanemus,
684 905 733 942 ut
760 915 1031 942 renarremus
1061 903 1196 942 nefas.

298 966 461 1007 Audite
490 971 642 1018 terrae,
672 968 820 1008 clausa
848 968 1046 1008 litoribus
1076 967 1195 1019 vagis

245 1032 406 1073 Audite
434 1033 569 1073 maria
599 1037 644 1073 et
671 1033 868 1086 quisquis
897 1033 1107 1074 attonitus
1136 1034 1295 1085 stupet,

246 1098 430 1150 Fulgore
458 1099 596 1151 primo
625 1102 779 1151 captus
809 1102 853 1139 613
881 1099 996 1139 facili
1024 1100 1137 1139 bono

246 1163 429 1204 Fallacis
459 1164 601 1204 aulae:
636 1164 782 1205 audite
813 1177 942 1217 quam
973 1163 1110 1216 fragili
1139 1163 1231 1204 1000

242 1228 328 1268 Vix
355 1232 473 1269 stent
501 1229 686 1281 superbi,
716 1229 938 1269 credulum
968 1231 1181 1281 quotquot
1208 1229 1334 1270 bonis

243 1294 450 1333 Animum
479 1293 692 1334 dederunt
719 1295 859 1335 rebus.
917 1295 996 1335 Est
1022 1307 1182 1347 parvus
1211 1294 1321 1335 cinis

244 1358 300 1398 Et
326 1359 489 1405 umbra,
522 1359 636 1412 quod
665 1373 744 1400 nos
772 1373 956 1412 cumque
986 1360 1190 1400 miramur
1216 1359 1362 1401 nimis.

245 1423 538 1477 Quisquamne
567 1438 697 1477 regno
726 1425 887 1477 gaudet
915 1428 960 1466 et
987 1426 1104 1466 fastu
1131 1425 1284 1466 brevi?

245 1488 429 1530 Excelsa
456 1503 605 1542 regum
635 1496 805 1544 sceptra
833 1490 895 1532 516
923 1491 1029 1531 sorti
1058 1491 1268 1540 obiacent,

244 1554 301 1594 Vt
329 1555 418 1595 alta
445 1558 600 1596 ventos
629 1569 800 1609 semper
829 1557 1052 1610 excipiunt
1079 1557 1180 1608 iuga

243 1619 501 1673 Rupemque
531 1622 645 1662 saxis
672 1625 797 1663 vasta
825 1623 1098 1663 dirimentem
1127 1622 1254 1677 freta,

245 1684 450 1734 Quamvis
480 1687 616 1739 quieti
646 1688 875 1729 verberant
903 1690 1059 1732 fluctus
1089 1690 1229 1732 maris.

244 1750 387 1790 Decus
415 1750 522 1791 illud
551 1753 665 1793 orbis
694 1756 825 1805 atque
854 1754 998 1796 lumen
1030 1770 1208 1799 aureum

246 1815 344 1855 Toti
373 1815 550 1856 Stuarta
577 1817 733 1858 flebilis
761 1819 922 1860 mundo
950 1821 1073 1863 iacet.

250 1880 452 1920 Decrevit
479 1880 564 1921 huc
592 1886 775 1935 augusta
802 1890 1059 1937 regnantum
1087 1902 1233 1941 nurus,

246 1943 312 1983 Ex
340 1957 426 1996 quo
454 1945 685 1998 Moravius,
715 1950 868 2001 Agaris
897 1951 1055 1993 Ismael
1084 1957 1194 2006 satu,

245 2009 487 2062 Amplexus
517 2013 645 2052 urbes
675 2017 719 2053 613
749 2014 1022 2058 Caledoniam
1053 2019 1180 2061 draco

248 2073 388 2127 Caput
415 2075 554 2117 leonis
582 2079 741 2130 pressit
768 2080 970 2134 imposito
998 2084 1127 2136 pede:

249 2138 352 2180 Mox
382 2141 512 2181 cessit
541 2142 649 2183 odiis
678 2144 820 2186 anima
846 2147 1027 2200 privatis
1054 2164 1227 2203 nocens,

248 2204 304 2244 Et
332 2204 518 2246 Iezabeli
548 2209 703 2260 praeiit
731 2210 785 2251 ad
814 2211 983 2254 furvam
1011 2215 1158 2268 Styga.

699 2309 864 2340 EINIS.

247 2392 320 2420 Lat.
340 2394 655 2427 Litteraturdenkin.
678 2403 722 2428 17.
1288 2418 1310 2452 5
