<?xml version="1.0" encoding="UTF-8"?>
<!DOCTYPE html PUBLIC "-//W3C//DTD XHTML 1.0 Transitional//EN"
    "http://www.w3.org/TR/xhtml1/DTD/xhtml1-transitional.dtd">
<html xmlns="http://www.w3.org/1999/xhtml" xml:lang="en" lang="en">
 <head>
  <title>
</title>
<meta http-equiv="Content-Type" content="text/html;charset=utf-8" />
  <meta name='ocr-system' content='tesseract 3.04.00' />
  <meta name='ocr-capabilities' content='ocr_page ocr_carea ocr_par ocr_line ocrx_word'/>
</head>
<body>
  <div class='ocr_page' id='page_1' title='image "./stvartatragoedia00rouluoft_0082.png"; bbox 0 0 1623 2655; ppageno 0'>
   <div class='ocr_carea' id='block_1_1' title="bbox 181 491 250 517">
    <p class='ocr_par' dir='ltr' id='par_1_1' title="bbox 181 491 250 517">
     <span class='ocr_line' id='line_1_1' title="bbox 181 491 250 517; baseline 0.029 -2"><span class='ocrx_word' id='word_1_1' title='bbox 181 491 250 517; x_wconf 70' lang='lat'>1305</span> 
     </span>
    </p>
   </div>
   <div class='ocr_carea' id='block_1_2' title="bbox 181 818 249 842">
    <p class='ocr_par' dir='ltr' id='par_1_2' title="bbox 181 818 249 842">
     <span class='ocr_line' id='line_1_2' title="bbox 181 818 249 842; baseline 0 -1"><span class='ocrx_word' id='word_1_2' title='bbox 181 818 249 842; x_wconf 80' lang='lat'>1310</span> 
     </span>
    </p>
   </div>
   <div class='ocr_carea' id='block_1_3' title="bbox 182 1144 251 1168">
    <p class='ocr_par' dir='ltr' id='par_1_3' title="bbox 182 1144 251 1168">
     <span class='ocr_line' id='line_1_3' title="bbox 182 1144 251 1168; baseline -0.014 0"><span class='ocrx_word' id='word_1_3' title='bbox 182 1144 251 1168; x_wconf 76' lang='lat'>1315</span> 
     </span>
    </p>
   </div>
   <div class='ocr_carea' id='block_1_4' title="bbox 183 1469 251 1494">
    <p class='ocr_par' dir='ltr' id='par_1_4' title="bbox 183 1469 251 1494">
     <span class='ocr_line' id='line_1_4' title="bbox 183 1469 251 1494; baseline 0 -1"><span class='ocrx_word' id='word_1_4' title='bbox 183 1469 251 1494; x_wconf 73' lang='lat'>1320</span> 
     </span>
    </p>
   </div>
   <div class='ocr_carea' id='block_1_5' title="bbox 147 1664 246 1697">
    <p class='ocr_par' dir='ltr' id='par_1_5' title="bbox 147 1664 246 1697">
     <span class='ocr_line' id='line_1_5' title="bbox 147 1664 246 1697; baseline 0 -6"><span class='ocrx_word' id='word_1_5' title='bbox 147 1664 246 1697; x_wconf 71' lang='lat' dir='ltr'>[Ilab]</span> 
     </span>
    </p>
   </div>
   <div class='ocr_carea' id='block_1_6' title="bbox 181 1798 250 1823">
    <p class='ocr_par' dir='ltr' id='par_1_6' title="bbox 181 1798 250 1823">
     <span class='ocr_line' id='line_1_6' title="bbox 181 1798 250 1823; baseline 0.029 -2"><span class='ocrx_word' id='word_1_6' title='bbox 181 1798 250 1823; x_wconf 82' lang='lat'><strong>1325</strong></span> 
     </span>
    </p>
   </div>
   <div class='ocr_carea' id='block_1_7' title="bbox 183 2235 251 2259">
    <p class='ocr_par' dir='ltr' id='par_1_7' title="bbox 183 2235 251 2259">
     <span class='ocr_line' id='line_1_7' title="bbox 183 2235 251 2259; baseline 0 0"><span class='ocrx_word' id='word_1_7' title='bbox 183 2235 251 2259; x_wconf 83' lang='lat'><strong>1330</strong></span> 
     </span>
    </p>
   </div>
   <div class='ocr_carea' id='block_1_8' title="bbox 547 87 1100 122">
    <p class='ocr_par' dir='ltr' id='par_1_8' title="bbox 547 87 1100 122">
     <span class='ocr_line' id='line_1_8' title="bbox 547 87 1100 122; baseline 0.005 -9"><span class='ocrx_word' id='word_1_8' title='bbox 547 87 1100 122; x_wconf 54' lang='lat' dir='ltr'>ROVLERIVS,STVARTA.xZ</span> 
     </span>
    </p>
   </div>
   <div class='ocr_carea' id='block_1_9' title="bbox 715 201 935 242">
    <p class='ocr_par' dir='ltr' id='par_1_9' title="bbox 715 201 935 242">
     <span class='ocr_line' id='line_1_9' title="bbox 715 201 935 242; baseline -0.005 -1"><span class='ocrx_word' id='word_1_9' title='bbox 715 201 935 242; x_wconf 80' lang='lat' dir='ltr'>Stuarta.</span> 
     </span>
    </p>
   </div>
   <div class='ocr_carea' id='block_1_10' title="bbox 287 282 1493 2096">
    <p class='ocr_par' dir='ltr' id='par_1_10' title="bbox 287 282 1493 2096">
     <span class='ocr_line' id='line_1_10' title="bbox 288 282 1333 337; baseline 0.003 -15"><span class='ocrx_word' id='word_1_10' title='bbox 288 282 492 333; x_wconf 84' lang='lat' dir='ltr'>Resume,</span> <span class='ocrx_word' id='word_1_11' title='bbox 522 283 669 333; x_wconf 86' lang='lat' dir='ltr'>Maria,</span> <span class='ocrx_word' id='word_1_12' title='bbox 699 284 897 336; x_wconf 85' lang='lat' dir='ltr'>spiritum</span> <span class='ocrx_word' id='word_1_13' title='bbox 926 286 1145 325; x_wconf 88' lang='lat' dir='ltr'>aerumnis</span> <span class='ocrx_word' id='word_1_14' title='bbox 1174 299 1333 337; x_wconf 81' lang='lat' dir='ltr'>parem,</span> 
     </span>
     <span class='ocr_line' id='line_1_11' title="bbox 288 348 1317 399; baseline 0.002 -11"><span class='ocrx_word' id='word_1_15' title='bbox 288 348 468 388; x_wconf 86' lang='lat' dir='ltr'>Dimitte</span> <span class='ocrx_word' id='word_1_16' title='bbox 500 349 652 388; x_wconf 76' lang='lat' dir='ltr'>vitam!</span> <span class='ocrx_word' id='word_1_17' title='bbox 712 348 892 398; x_wconf 82' lang='lat' dir='ltr'>Christe,</span> <span class='ocrx_word' id='word_1_18' title='bbox 923 351 1174 391; x_wconf 85' lang='lat' dir='ltr'>morientem</span> <span class='ocrx_word' id='word_1_19' title='bbox 1205 351 1317 399; x_wconf 78' lang='lat' dir='ltr'>iuva,</span> 
     </span>
     <span class='ocr_line' id='line_1_12' title="bbox 289 413 1209 467; baseline 0.004 -16"><span class='ocrx_word' id='word_1_20' title='bbox 289 413 370 463; x_wconf 76' lang='lat' dir='ltr'>Qui</span> <span class='ocrx_word' id='word_1_21' title='bbox 398 413 568 464; x_wconf 81' lang='lat' dir='ltr'>generis</span> <span class='ocrx_word' id='word_1_22' title='bbox 597 414 772 454; x_wconf 87' lang='lat' dir='ltr'>humani</span> <span class='ocrx_word' id='word_1_23' title='bbox 802 415 1054 467; x_wconf 81' lang='lat' dir='ltr'><strong>expiaturus</strong></span> <span class='ocrx_word' id='word_1_24' title='bbox 1083 418 1209 456; x_wconf 86' lang='lat' dir='ltr'>vetus</span> 
     </span>
     <span class='ocr_line' id='line_1_13' title="bbox 288 479 1342 532; baseline 0.002 -14"><span class='ocrx_word' id='word_1_25' title='bbox 288 479 508 528; x_wconf 81' lang='lat' dir='ltr'>Probrum,</span> <span class='ocrx_word' id='word_1_26' title='bbox 537 483 739 530; x_wconf 82' lang='lat' dir='ltr'>gravatus</span> <span class='ocrx_word' id='word_1_27' title='bbox 768 484 938 532; x_wconf 82' lang='lat' dir='ltr'>praeter</span> <span class='ocrx_word' id='word_1_28' title='bbox 966 484 1187 520; x_wconf 84' lang='lat' dir='ltr'>assuetum</span> <span class='ocrx_word' id='word_1_29' title='bbox 1217 494 1342 520; x_wconf 86' lang='lat' dir='ltr'>cruce</span> 
     </span>
     <span class='ocr_line' id='line_1_14' title="bbox 288 544 1233 597; baseline 0.003 -14"><span class='ocrx_word' id='word_1_30' title='bbox 288 544 453 583; x_wconf 83' lang='lat' dir='ltr'>Infame</span> <span class='ocrx_word' id='word_1_31' title='bbox 484 544 613 584; x_wconf 82' lang='lat' dir='ltr'>adisti</span> <span class='ocrx_word' id='word_1_32' title='bbox 642 549 795 597; x_wconf 88' lang='lat' dir='ltr'>sponte</span> <span class='ocrx_word' id='word_1_33' title='bbox 825 545 1046 597; x_wconf 79' lang='lat' dir='ltr'>suppliciis</span> <span class='ocrx_word' id='word_1_34' title='bbox 1075 546 1233 597; x_wconf 83' lang='lat' dir='ltr'>iugum.</span> 
     </span>
     <span class='ocr_line' id='line_1_15' title="bbox 342 608 1493 662; baseline 0.003 -14"><span class='ocrx_word' id='word_1_35' title='bbox 342 608 376 648; x_wconf 91' lang='lat' dir='ltr'>O</span> <span class='ocrx_word' id='word_1_36' title='bbox 406 610 518 660; x_wconf 78' lang='lat' dir='ltr'>quod</span> <span class='ocrx_word' id='word_1_37' title='bbox 558 611 767 661; x_wconf 76' lang='lat' dir='ltr'>superbae</span> <span class='ocrx_word' id='word_1_38' title='bbox 804 611 877 650; x_wconf 83' lang='lat' dir='ltr'>vix</span> <span class='ocrx_word' id='word_1_39' title='bbox 912 611 1072 651; x_wconf 81' lang='lat' dir='ltr'>habent</span> <span class='ocrx_word' id='word_1_40' title='bbox 1110 624 1299 662; x_wconf 84' lang='lat' dir='ltr'>unquam</span> <span class='ocrx_word' id='word_1_41' title='bbox 1337 611 1493 652; x_wconf 87' lang='lat' dir='ltr'>domus</span> 
     </span>
     <span class='ocr_line' id='line_1_16' title="bbox 290 674 1145 728; baseline 0.002 -15"><span class='ocrx_word' id='word_1_42' title='bbox 290 674 599 723; x_wconf 71' lang='lat' dir='ltr'>Potentiorum,</span> <span class='ocrx_word' id='word_1_43' title='bbox 630 676 800 727; x_wconf 82' lang='lat' dir='ltr'>regibus</span> <span class='ocrx_word' id='word_1_44' title='bbox 828 689 985 715; x_wconf 84' lang='lat' dir='ltr'>nomen</span> <span class='ocrx_word' id='word_1_45' title='bbox 1014 677 1145 728; x_wconf 88' lang='lat' dir='ltr'>pium,</span> 
     </span>
     <span class='ocr_line' id='line_1_17' title="bbox 288 739 1237 789; baseline 0.003 -11"><span class='ocrx_word' id='word_1_46' title='bbox 288 739 486 788; x_wconf 83' lang='lat' dir='ltr'>Melvine,</span> <span class='ocrx_word' id='word_1_47' title='bbox 517 740 653 780; x_wconf 86' lang='lat' dir='ltr'>donec</span> <span class='ocrx_word' id='word_1_48' title='bbox 682 742 896 789; x_wconf 80' lang='lat' dir='ltr'>morimur,</span> <span class='ocrx_word' id='word_1_49' title='bbox 928 754 973 780; x_wconf 81' lang='lat' dir='ltr'>es</span> <span class='ocrx_word' id='word_1_50' title='bbox 1003 741 1125 781; x_wconf 84' lang='lat' dir='ltr'>nobis</span> <span class='ocrx_word' id='word_1_51' title='bbox 1154 741 1237 781; x_wconf 81' lang='lat' dir='ltr'>fide</span> 
     </span>
     <span class='ocr_line' id='line_1_18' title="bbox 288 804 1324 857; baseline 0.003 -14"><span class='ocrx_word' id='word_1_52' title='bbox 288 804 443 856; x_wconf 80' lang='lat' dir='ltr'>Magna</span> <span class='ocrx_word' id='word_1_53' title='bbox 472 806 702 845; x_wconf 81' lang='lat' dir='ltr'>obsecutus</span> <span class='ocrx_word' id='word_1_54' title='bbox 732 807 830 857; x_wconf 84' lang='lat' dir='ltr'>(etsi</span> <span class='ocrx_word' id='word_1_55' title='bbox 858 806 901 845; x_wconf 87' lang='lat' dir='ltr'>in</span> <span class='ocrx_word' id='word_1_56' title='bbox 931 807 1160 846; x_wconf 86' lang='lat' dir='ltr'>haereseos</span> <span class='ocrx_word' id='word_1_57' title='bbox 1189 820 1324 846; x_wconf 80' lang='lat' dir='ltr'>novae</span> 
     </span>
     <span class='ocr_line' id='line_1_19' title="bbox 288 870 1253 923; baseline 0.001 -14"><span class='ocrx_word' id='word_1_58' title='bbox 288 870 459 910; x_wconf 87' lang='lat' dir='ltr'>Iurasse</span> <span class='ocrx_word' id='word_1_59' title='bbox 490 871 619 910; x_wconf 84' lang='lat' dir='ltr'>verba</span> <span class='ocrx_word' id='word_1_60' title='bbox 648 872 852 923; x_wconf 82' lang='lat' dir='ltr'>suspicor,</span> <span class='ocrx_word' id='word_1_61' title='bbox 885 871 1080 911; x_wconf 85' lang='lat' dir='ltr'>Christus</span> <span class='ocrx_word' id='word_1_62' title='bbox 1109 875 1253 910; x_wconf 83' lang='lat' dir='ltr'>tamen</span> 
     </span>
     <span class='ocr_line' id='line_1_20' title="bbox 287 935 1206 985; baseline 0.002 -12"><span class='ocrx_word' id='word_1_63' title='bbox 287 935 523 975; x_wconf 81' lang='lat' dir='ltr'>Dumtaxat</span> <span class='ocrx_word' id='word_1_64' title='bbox 552 949 664 976; x_wconf 83' lang='lat' dir='ltr'>unus</span> <span class='ocrx_word' id='word_1_65' title='bbox 693 940 842 976; x_wconf 80' lang='lat' dir='ltr'>auctor</span> <span class='ocrx_word' id='word_1_66' title='bbox 872 940 938 976; x_wconf 84' lang='lat' dir='ltr'>est</span> <span class='ocrx_word' id='word_1_67' title='bbox 967 936 1206 985; x_wconf 65' lang='lat' dir='ltr'>ecclesiaejz</span> 
     </span>
     <span class='ocr_line' id='line_1_21' title="bbox 290 999 1276 1053; baseline 0.002 -14"><span class='ocrx_word' id='word_1_68' title='bbox 290 999 377 1051; x_wconf 84' lang='lat' dir='ltr'>Ego</span> <span class='ocrx_word' id='word_1_69' title='bbox 406 1000 487 1040; x_wconf 89' lang='lat' dir='ltr'>rite</span> <span class='ocrx_word' id='word_1_70' title='bbox 518 1002 639 1041; x_wconf 82' lang='lat' dir='ltr'>vobis</span> <span class='ocrx_word' id='word_1_71' title='bbox 668 1006 808 1050; x_wconf 88' lang='lat' dir='ltr'>uncta,</span> <span class='ocrx_word' id='word_1_72' title='bbox 839 1015 986 1053; x_wconf 81' lang='lat' dir='ltr'>regum</span> <span class='ocrx_word' id='word_1_73' title='bbox 1017 1016 1040 1041; x_wconf 83' lang='lat' dir='ltr'>a</span> <span class='ocrx_word' id='word_1_74' title='bbox 1070 1002 1276 1053; x_wconf 81' lang='lat' dir='ltr'>sanguine</span> 
     </span>
     <span class='ocr_line' id='line_1_22' title="bbox 290 1065 1271 1119; baseline 0.002 -15"><span class='ocrx_word' id='word_1_75' title='bbox 290 1065 509 1106; x_wconf 86' lang='lat' dir='ltr'>Catholica</span> <span class='ocrx_word' id='word_1_76' title='bbox 538 1080 615 1118; x_wconf 82' lang='lat' dir='ltr'>ego</span> <span class='ocrx_word' id='word_1_77' title='bbox 646 1067 803 1118; x_wconf 80' lang='lat' dir='ltr'>regina,</span> <span class='ocrx_word' id='word_1_78' title='bbox 834 1081 909 1119; x_wconf 85' lang='lat' dir='ltr'>pro</span> <span class='ocrx_word' id='word_1_79' title='bbox 939 1068 1086 1106; x_wconf 88' lang='lat' dir='ltr'>multis</span> <span class='ocrx_word' id='word_1_80' title='bbox 1117 1080 1271 1118; x_wconf 85' lang='lat' dir='ltr'>queror</span> 
     </span>
     <span class='ocr_line' id='line_1_23' title="bbox 290 1131 1196 1184; baseline 0.001 -14"><span class='ocrx_word' id='word_1_81' title='bbox 290 1131 385 1171; x_wconf 89' lang='lat' dir='ltr'>Non</span> <span class='ocrx_word' id='word_1_82' title='bbox 416 1145 510 1172; x_wconf 89' lang='lat' dir='ltr'>esse</span> <span class='ocrx_word' id='word_1_83' title='bbox 541 1132 729 1184; x_wconf 88' lang='lat' dir='ltr'>pretium</span> <span class='ocrx_word' id='word_1_84' title='bbox 758 1133 897 1172; x_wconf 88' lang='lat' dir='ltr'>maius</span> <span class='ocrx_word' id='word_1_85' title='bbox 926 1133 1077 1172; x_wconf 85' lang='lat' dir='ltr'>officiis</span> <span class='ocrx_word' id='word_1_86' title='bbox 1107 1132 1196 1171; x_wconf 84' lang='lat' dir='ltr'>tibi.</span> 
     </span>
     <span class='ocr_line' id='line_1_24' title="bbox 342 1196 1330 1249; baseline 0 -13"><span class='ocrx_word' id='word_1_87' title='bbox 342 1196 602 1237; x_wconf 83' lang='lat' dir='ltr'>Caledonem</span> <span class='ocrx_word' id='word_1_88' title='bbox 631 1200 729 1249; x_wconf 77' lang='lat' dir='ltr'>post</span> <span class='ocrx_word' id='word_1_89' title='bbox 758 1198 858 1243; x_wconf 82' lang='lat' dir='ltr'>fata,</span> <span class='ocrx_word' id='word_1_90' title='bbox 889 1210 999 1249; x_wconf 83' lang='lat' dir='ltr'>quae</span> <span class='ocrx_word' id='word_1_91' title='bbox 1029 1198 1175 1245; x_wconf 87' lang='lat' dir='ltr'>subeo,</span> <span class='ocrx_word' id='word_1_92' title='bbox 1207 1201 1330 1249; x_wconf 81' lang='lat' dir='ltr'>petes</span> 
     </span>
     <span class='ocr_line' id='line_1_25' title="bbox 288 1262 1278 1315; baseline 0.001 -16"><span class='ocrx_word' id='word_1_93' title='bbox 288 1262 498 1313; x_wconf 76' lang='lat' dir='ltr'>Suprema</span> <span class='ocrx_word' id='word_1_94' title='bbox 527 1263 676 1302; x_wconf 84' lang='lat' dir='ltr'>matris</span> <span class='ocrx_word' id='word_1_95' title='bbox 706 1263 836 1302; x_wconf 86' lang='lat' dir='ltr'>verba</span> <span class='ocrx_word' id='word_1_96' title='bbox 864 1264 1101 1315; x_wconf 80' lang='lat' dir='ltr'>spectantis</span> <span class='ocrx_word' id='word_1_97' title='bbox 1130 1275 1278 1301; x_wconf 83' lang='lat' dir='ltr'>necem</span> 
     </span>
     <span class='ocr_line' id='line_1_26' title="bbox 287 1326 1148 1379; baseline 0.002 -14"><span class='ocrx_word' id='word_1_98' title='bbox 287 1326 398 1366; x_wconf 78' lang='lat' dir='ltr'>Nato</span> <span class='ocrx_word' id='word_1_99' title='bbox 427 1331 669 1379; x_wconf 82' lang='lat' dir='ltr'>reportans:</span> <span class='ocrx_word' id='word_1_100' title='bbox 700 1328 771 1367; x_wconf 87' lang='lat' dir='ltr'>ille</span> <span class='ocrx_word' id='word_1_101' title='bbox 800 1328 1017 1375; x_wconf 83' lang='lat' dir='ltr'>virtutem,</span> <span class='ocrx_word' id='word_1_102' title='bbox 1049 1328 1148 1376; x_wconf 83' lang='lat' dir='ltr'>scio,</span> 
     </span>
     <span class='ocr_line' id='line_1_27' title="bbox 288 1391 1224 1445; baseline 0.003 -15"><span class='ocrx_word' id='word_1_103' title='bbox 288 1391 599 1432; x_wconf 81' lang='lat' dir='ltr'>Remunerabit</span> <span class='ocrx_word' id='word_1_104' title='bbox 628 1394 836 1433; x_wconf 77' lang='lat' dir='ltr'>hactenus</span> <span class='ocrx_word' id='word_1_105' title='bbox 865 1406 966 1445; x_wconf 88' lang='lat' dir='ltr'>prae</span> <span class='ocrx_word' id='word_1_106' title='bbox 997 1406 1064 1433; x_wconf 90' lang='lat' dir='ltr'>me</span> <span class='ocrx_word' id='word_1_107' title='bbox 1094 1397 1224 1433; x_wconf 84' lang='lat' dir='ltr'>tuam.</span> 
     </span>
     <span class='ocr_line' id='line_1_28' title="bbox 342 1457 1342 1510; baseline 0.001 -14"><span class='ocrx_word' id='word_1_108' title='bbox 342 1457 406 1497; x_wconf 78' lang='lat' dir='ltr'>Ne</span> <span class='ocrx_word' id='word_1_109' title='bbox 436 1458 493 1497; x_wconf 84' lang='lat' dir='ltr'>sit</span> <span class='ocrx_word' id='word_1_110' title='bbox 522 1458 728 1498; x_wconf 77' lang='lat' dir='ltr'>Tonantis</span> <span class='ocrx_word' id='word_1_111' title='bbox 757 1458 1007 1510; x_wconf 73' lang='lat' dir='ltr'>infrequens</span> <span class='ocrx_word' id='word_1_112' title='bbox 1036 1458 1174 1497; x_wconf 81' lang='lat' dir='ltr'>cultor</span> <span class='ocrx_word' id='word_1_113' title='bbox 1202 1471 1342 1510; x_wconf 82' lang='lat' dir='ltr'>neque</span> 
     </span>
     <span class='ocr_line' id='line_1_29' title="bbox 289 1521 1117 1571; baseline 0.001 -10"><span class='ocrx_word' id='word_1_114' title='bbox 289 1521 522 1562; x_wconf 77' lang='lat' dir='ltr'>Ecclesiam</span> <span class='ocrx_word' id='word_1_115' title='bbox 552 1524 695 1563; x_wconf 86' lang='lat' dir='ltr'>labare</span> <span class='ocrx_word' id='word_1_116' title='bbox 725 1523 964 1563; x_wconf 80' lang='lat' dir='ltr'>Romanam</span> <span class='ocrx_word' id='word_1_117' title='bbox 992 1523 1117 1571; x_wconf 85' lang='lat' dir='ltr'>sinat,</span> 
     </span>
     <span class='ocr_line' id='line_1_30' title="bbox 288 1587 1130 1639; baseline 0.001 -13"><span class='ocrx_word' id='word_1_118' title='bbox 288 1587 332 1627; x_wconf 72' lang='lat' dir='ltr'>Si</span> <span class='ocrx_word' id='word_1_119' title='bbox 362 1601 466 1639; x_wconf 85' lang='lat' dir='ltr'>pace</span> <span class='ocrx_word' id='word_1_120' title='bbox 498 1601 598 1628; x_wconf 78' lang='lat' dir='ltr'>vera</span> <span class='ocrx_word' id='word_1_121' title='bbox 628 1601 758 1639; x_wconf 76' lang='lat' dir='ltr'>regna</span> <span class='ocrx_word' id='word_1_122' title='bbox 786 1588 995 1628; x_wconf 85' lang='lat' dir='ltr'>moderari</span> <span class='ocrx_word' id='word_1_123' title='bbox 1026 1601 1130 1627; x_wconf 87' lang='lat' dir='ltr'>suae</span> 
     </span>
     <span class='ocr_line' id='line_1_31' title="bbox 287 1653 1216 1706; baseline -0.001 -13"><span class='ocrx_word' id='word_1_124' title='bbox 287 1653 477 1693; x_wconf 90' lang='lat' dir='ltr'>Dicionis</span> <span class='ocrx_word' id='word_1_125' title='bbox 508 1657 647 1705; x_wconf 80' lang='lat' dir='ltr'>optat3</span> <span class='ocrx_word' id='word_1_126' title='bbox 677 1654 896 1706; x_wconf 84' lang='lat' dir='ltr'>proprium</span> <span class='ocrx_word' id='word_1_127' title='bbox 925 1654 1046 1693; x_wconf 87' lang='lat' dir='ltr'>cuius</span> <span class='ocrx_word' id='word_1_128' title='bbox 1076 1655 1216 1704; x_wconf 85' lang='lat' dir='ltr'>caput,</span> 
     </span>
     <span class='ocr_line' id='line_1_32' title="bbox 289 1717 1393 1768; baseline -0.002 -10"><span class='ocrx_word' id='word_1_129' title='bbox 289 1718 383 1758; x_wconf 87' lang='lat' dir='ltr'>Neu</span> <span class='ocrx_word' id='word_1_130' title='bbox 413 1719 559 1758; x_wconf 83' lang='lat' dir='ltr'>credat</span> <span class='ocrx_word' id='word_1_131' title='bbox 591 1720 739 1768; x_wconf 62' lang='lat' dir='ltr'>(sunum</span> <span class='ocrx_word' id='word_1_132' title='bbox 768 1718 911 1758; x_wconf 86' lang='lat' dir='ltr'>nocuit</span> <span class='ocrx_word' id='word_1_133' title='bbox 942 1719 1021 1757; x_wconf 84' lang='lat' dir='ltr'>hoc</span> <span class='ocrx_word' id='word_1_134' title='bbox 1050 1717 1175 1757; x_wconf 82' lang='lat' dir='ltr'>matri</span> <span class='ocrx_word' id='word_1_135' title='bbox 1205 1717 1393 1767; x_wconf 86' lang='lat' dir='ltr'>malum),</span> 
     </span>
     <span class='ocr_line' id='line_1_33' title="bbox 289 1782 1294 1836; baseline -0.002 -13"><span class='ocrx_word' id='word_1_136' title='bbox 289 1784 372 1823; x_wconf 85' lang='lat' dir='ltr'>Sed</span> <span class='ocrx_word' id='word_1_137' title='bbox 404 1785 447 1823; x_wconf 90' lang='lat' dir='ltr'>in</span> <span class='ocrx_word' id='word_1_138' title='bbox 476 1790 654 1836; x_wconf 86' lang='lat' dir='ltr'>parente</span> <span class='ocrx_word' id='word_1_139' title='bbox 684 1797 806 1836; x_wconf 85' lang='lat' dir='ltr'>spem</span> <span class='ocrx_word' id='word_1_140' title='bbox 835 1796 956 1823; x_wconf 79' lang='lat' dir='ltr'>suam</span> <span class='ocrx_word' id='word_1_141' title='bbox 986 1796 1141 1834; x_wconf 76' lang='lat' dir='ltr'>supero</span> <span class='ocrx_word' id='word_1_142' title='bbox 1170 1782 1294 1832; x_wconf 88' lang='lat' dir='ltr'>locet,</span> 
     </span>
     <span class='ocr_line' id='line_1_34' title="bbox 289 1848 1250 1900; baseline -0.001 -12"><span class='ocrx_word' id='word_1_143' title='bbox 289 1848 371 1898; x_wconf 78' lang='lat' dir='ltr'>Qui</span> <span class='ocrx_word' id='word_1_144' title='bbox 401 1849 473 1888; x_wconf 83' lang='lat' dir='ltr'>dat</span> <span class='ocrx_word' id='word_1_145' title='bbox 503 1849 687 1889; x_wconf 88' lang='lat' dir='ltr'>salutem</span> <span class='ocrx_word' id='word_1_146' title='bbox 715 1849 833 1889; x_wconf 83' lang='lat' dir='ltr'>solus</span> <span class='ocrx_word' id='word_1_147' title='bbox 863 1851 906 1888; x_wconf 88' lang='lat' dir='ltr'>et</span> <span class='ocrx_word' id='word_1_148' title='bbox 935 1861 1038 1900; x_wconf 90' lang='lat' dir='ltr'>opes</span> <span class='ocrx_word' id='word_1_149' title='bbox 1067 1848 1250 1899; x_wconf 83' lang='lat' dir='ltr'>regibus.</span> 
     </span>
     <span class='ocr_line' id='line_1_35' title="bbox 342 1912 1436 1962; baseline -0.003 -8"><span class='ocrx_word' id='word_1_150' title='bbox 342 1915 461 1954; x_wconf 82' lang='lat' dir='ltr'>Haec</span> <span class='ocrx_word' id='word_1_151' title='bbox 489 1914 651 1954; x_wconf 89' lang='lat' dir='ltr'>monita</span> <span class='ocrx_word' id='word_1_152' title='bbox 679 1915 840 1954; x_wconf 86' lang='lat' dir='ltr'>referes</span> <span class='ocrx_word' id='word_1_153' title='bbox 867 1916 1005 1961; x_wconf 84' lang='lat' dir='ltr'>testis,</span> <span class='ocrx_word' id='word_1_154' title='bbox 1036 1917 1084 1952; x_wconf 81' lang='lat' dir='ltr'>ut</span> <span class='ocrx_word' id='word_1_155' title='bbox 1112 1913 1267 1952; x_wconf 86' lang='lat' dir='ltr'>moriar</span> <span class='ocrx_word' id='word_1_156' title='bbox 1296 1912 1436 1962; x_wconf 85' lang='lat' dir='ltr'>Scota,</span> 
     </span>
     <span class='ocr_line' id='line_1_36' title="bbox 288 1978 1220 2030; baseline -0.001 -12"><span class='ocrx_word' id='word_1_157' title='bbox 288 1979 346 2019; x_wconf 77' lang='lat' dir='ltr'>Vt</span> <span class='ocrx_word' id='word_1_158' title='bbox 374 1979 406 2018; x_wconf 85' lang='lat' dir='ltr'><strong>F</strong></span> <span class='ocrx_word' id='word_1_159' title='bbox 408 1992 536 2019; x_wconf 84' lang='lat' dir='ltr'>ranca</span> <span class='ocrx_word' id='word_1_160' title='bbox 565 1979 719 2019; x_wconf 87' lang='lat' dir='ltr'>moriar</span> <span class='ocrx_word' id='word_1_161' title='bbox 747 1979 843 2027; x_wconf 77' lang='lat' dir='ltr'>fida,</span> <span class='ocrx_word' id='word_1_162' title='bbox 876 1978 1057 2018; x_wconf 85' lang='lat' dir='ltr'>Romani</span> <span class='ocrx_word' id='word_1_163' title='bbox 1085 1978 1220 2030; x_wconf 84' lang='lat' dir='ltr'>patris</span> 
     </span>
     <span class='ocr_line' id='line_1_37' title="bbox 288 2042 1386 2096; baseline -0.001 -14"><span class='ocrx_word' id='word_1_164' title='bbox 288 2044 490 2084; x_wconf 87' lang='lat' dir='ltr'>Veterem</span> <span class='ocrx_word' id='word_1_165' title='bbox 519 2045 709 2095; x_wconf 80' lang='lat' dir='ltr'>professa</span> <span class='ocrx_word' id='word_1_166' title='bbox 738 2043 953 2096; x_wconf 86' lang='lat' dir='ltr'>publicam</span> <span class='ocrx_word' id='word_1_167' title='bbox 984 2047 1028 2082; x_wconf 83' lang='lat' dir='ltr'>et</span> <span class='ocrx_word' id='word_1_168' title='bbox 1057 2047 1217 2082; x_wconf 85' lang='lat' dir='ltr'>certam</span> <span class='ocrx_word' id='word_1_169' title='bbox 1246 2042 1386 2082; x_wconf 90' lang='lat' dir='ltr'>fidem.</span> 
     </span>
    </p>
   </div>
   <div class='ocr_carea' id='block_1_11' title="bbox 288 2150 1401 2401">
    <p class='ocr_par' dir='ltr' id='par_1_11' title="bbox 288 2150 1401 2401">
     <span class='ocr_line' id='line_1_38' title="bbox 690 2150 958 2190; baseline 0 -1"><span class='ocrx_word' id='word_1_170' title='bbox 690 2150 958 2190; x_wconf 76' lang='lat' dir='ltr'>Melvinus.</span> 
     </span>
     <span class='ocr_line' id='line_1_39' title="bbox 290 2219 1401 2273; baseline -0.003 -13"><span class='ocrx_word' id='word_1_171' title='bbox 290 2221 543 2261; x_wconf 77' lang='lat' dir='ltr'>Veneranda</span> <span class='ocrx_word' id='word_1_172' title='bbox 571 2222 770 2273; x_wconf 87' lang='lat' dir='ltr'>princeps</span> <span class='ocrx_word' id='word_1_173' title='bbox 800 2225 929 2272; x_wconf 71' lang='lat' dir='ltr'>atque</span> <span class='ocrx_word' id='word_1_174' title='bbox 960 2234 1160 2272; x_wconf 83' lang='lat' dir='ltr'>suprema</span> <span class='ocrx_word' id='word_1_175' title='bbox 1188 2220 1232 2258; x_wconf 91' lang='lat' dir='ltr'>in</span> <span class='ocrx_word' id='word_1_176' title='bbox 1261 2219 1401 2258; x_wconf 74' lang='lat' dir='ltr'>Scotis</span> 
     </span>
     <span class='ocr_line' id='line_1_40' title="bbox 288 2284 1395 2337; baseline -0.004 -11"><span class='ocrx_word' id='word_1_177' title='bbox 288 2286 465 2337; x_wconf 77' lang='lat' dir='ltr'>Regina,</span> <span class='ocrx_word' id='word_1_178' title='bbox 495 2290 689 2326; x_wconf 82' lang='lat' dir='ltr'>nostrum</span> <span class='ocrx_word' id='word_1_179' title='bbox 717 2286 920 2337; x_wconf 81' lang='lat' dir='ltr'>gaudium</span> <span class='ocrx_word' id='word_1_180' title='bbox 949 2284 1165 2337; x_wconf 80' lang='lat' dir='ltr'>quondam</span> <span class='ocrx_word' id='word_1_181' title='bbox 1195 2288 1237 2323; x_wconf 88' lang='lat' dir='ltr'>et</span> <span class='ocrx_word' id='word_1_182' title='bbox 1266 2284 1395 2333; x_wconf 81' lang='lat' dir='ltr'>salus,</span> 
     </span>
     <span class='ocr_line' id='line_1_41' title="bbox 288 2348 1293 2401; baseline -0.004 -10"><span class='ocrx_word' id='word_1_183' title='bbox 288 2353 347 2391; x_wconf 81' lang='lat' dir='ltr'>At·</span> <span class='ocrx_word' id='word_1_184' title='bbox 375 2365 488 2391; x_wconf 90' lang='lat' dir='ltr'>nunc</span> <span class='ocrx_word' id='word_1_185' title='bbox 518 2351 636 2391; x_wconf 83' lang='lat' dir='ltr'>dolor</span> <span class='ocrx_word' id='word_1_186' title='bbox 666 2351 905 2401; x_wconf 80' lang='lat' dir='ltr'>dumtaxat,</span> <span class='ocrx_word' id='word_1_187' title='bbox 937 2351 1016 2390; x_wconf 85' lang='lat' dir='ltr'>hoc</span> <span class='ocrx_word' id='word_1_188' title='bbox 1044 2364 1184 2390; x_wconf 85' lang='lat' dir='ltr'>rerum</span> <span class='ocrx_word' id='word_1_189' title='bbox 1216 2348 1293 2389; x_wconf 86' lang='lat' dir='ltr'>tibi</span> 
     </span>
    </p>
   </div>
  </div>
 </body>
</html>
