1623 2655
227 126 282 166 14

290 1429 339 1451 14·=

293 1884 341 1907 145

251 1945 341 1978 [Bm]

644 123 902 158 ROVLERWS,
931 123 1129 150 STVARTA
1153 124 1170 150 I.

372 229 407 277 O
438 238 499 277 ira
530 237 672 277 deses!
730 237 819 277 Nec
849 250 1039 277 meorum
1069 237 1225 278 civium

369 303 458 343 Nec
488 303 743 355 optimatum
773 302 926 342 deinde
957 302 1188 343 vindictam
1219 317 1369 356 preces

371 370 409 408 A
440 382 507 408 me
537 368 861 419 impetrabunt?
919 367 1090 407 Scelere
1121 369 1315 409 convicta
1344 369 1398 408 ab
1428 367 1517 408 suis

377 434 557 486 Impune
588 432 748 472 fuerit?
804 433 887 472 Pro
918 433 1032 484 quod
1061 433 1236 485 ignavos
1265 432 1423 487 premit

371 500 542 539 Numen
573 499 761 538 dolores!
818 498 902 538 Pro
931 498 1058 538 nimis
1089 499 1184 539 fuco
1214 500 1351 540 malae

371 564 553 604 Pietatis
583 563 750 604 occulta
782 563 896 603 odia!
955 563 1091 613 Quem
1122 565 1245 604 timui
1274 566 1512 605 hactenus?

371 630 574 669 Guisios?
631 629 684 668 Et
713 628 820 668 illud
850 628 991 668 Gallia
1019 628 1240 680 indignum
1270 632 1429 683 caput?

371 695 426 735 Et
453 696 781 746 praepotentem
810 693 952 745 gentis
981 693 1216 746 Hesperiae
1247 695 1428 736 ducem?

304 775 317 798 a
375 759 525 800 Nullos
555 772 707 799 moror.
766 759 878 809 Quin
908 760 1062 811 potius,
1094 760 1160 809 ah,
1198 760 1340 812 potius
1369 760 1505 800 scient

371 825 564 877 Ruptum
594 838 689 864 esse
719 824 871 864 foedus
900 824 944 864 in
976 838 1096 865 meae
1128 826 1306 865 exitium
1334 825 1512 874 insulae,

374 891 511 940 Quam
542 889 685 930 varius
717 890 852 930 ambit
880 890 1037 930 inviam
1070 891 1235 931 Nereus
1264 891 1386 931 freto.

372 955 485 1005 Quid
513 956 657 1006 segnis
687 958 833 995 autem
864 956 987 1007 plura
1018 956 1195 996 consilia
1225 955 1425 1008 expetis?

371 1021 484 1071 Quid
499 1021 660 1060 inerme
677 1020 823 1061 tardas
843 1021 983 1061 anime
993 1024 1013 1060 ·.'
1047 1021 1117 1061 Sic
1132 1022 1333 1061 meritum
1349 1024 1415 1061 est
1430 1032 1586 1071 meum,

377 1087 434 1126 Vt
463 1100 558 1127 sero
588 1088 738 1138 pereat
766 1086 850 1136 illa,
882 1100 992 1138 quae
1021 1087 1160 1139 potuit
1190 1087 1286 1127 cito,

372 1152 432 1192 Te
463 1152 608 1204 petiit:
641 1154 685 1191 et
713 1151 785 1191 vix
816 1152 936 1191 frena
965 1152 1163 1192 concedis
1193 1152 1271 1192 tibi

374 1217 428 1257 Et
457 1221 499 1257 te
529 1217 744 1257 remittis?
800 1217 966 1258 Pereat.
1026 1217 1118 1257 Hoc
1158 1217 1345 1266 tandem,
1383 1217 1464 1257 hoc
1493 1229 1582 1268 age.

374 1283 481 1322 Nam
513 1282 548 1322 si
578 1282 718 1322 securi
747 1282 964 1322 subditam
994 1283 1168 1323 audiero
1198 1283 1332 1323 semel

375 1348 574 1387 Animam
605 1347 829 1400 exspuisse
860 1350 1055 1397 taetram,
1086 1348 1129 1387 in
1158 1350 1357 1388 aeternos
1387 1360 1463 1399 ego

381 1413 479 1452 Mea
508 1416 677 1464 sceptra
706 1414 829 1453 rebor
858 1412 1014 1453 deinde
1045 1413 1203 1453 firmari
1233 1412 1337 1453 dies.

764 1525 1070 1565 Dudelaeus.

375 1608 486 1658 Quin
517 1610 671 1660 sponte
700 1621 923 1659 procerum
953 1610 1096 1660 potius
1127 1612 1170 1648 et
1199 1608 1292 1648 sine
1321 1611 1364 1647 te
1393 1608 1506 1660 perit

375 1674 545 1714 Patriae
575 1675 783 1725 parente?
840 1673 903 1713 Ne
934 1687 1018 1725 qua
1048 1676 1193 1714 manet
1221 1673 1336 1713 illius

376 1738 630 1779 Severitatis
650 1738 693 1778 in
724 1741 845 1778 tuum
874 1752 1030 1778 nomen
1060 1742 1161 1778 nota

375 1803 503 1856 Apud
534 1803 738 1855 dynastas
769 1806 951 1853 exteros,
982 1803 1058 1843 sed
1088 1804 1145 1844 sit
1173 1803 1314 1855 palam

380 1870 464 1909 Per
494 1869 708 1910 iudicandi
737 1869 863 1921 culpa
892 1871 1144 1909 consuetum
1174 1868 1379 1917 ordinem,

386 1934 443 1973 Vt
471 1934 548 1974 has
579 1937 622 1974 et
651 1935 779 1974 urbes
809 1935 1037 1974 exacerbet
1066 1935 1238 1974 exteras

375 1999 431 2039 Et
461 1999 640 2040 ducibus
669 2000 910 2040 innotescat
939 1999 1053 2040 orbis
1083 1998 1278 2051 amplius.

761 2106 1061 2146 Elizabeta.

376 2194 536 2235 Illosne
566 2207 727 2245 verear,
757 2208 855 2234 cum
874 2208 953 2235 nec
983 2207 1209 2246 agnoscam
1241 2193 1373 2233 deos?

770 2301 1082 2340 Dudelaeus.

382 2389 439 2429 Et
467 2389 559 2441 ipse
590 2389 704 2442 parci
735 2389 861 2430 iussit
888 2389 932 2428 in
961 2387 1122 2429 somnis
1151 2388 1279 2428 Deus.
