1696 2676
98 679 189 711 [ΑΖΒ]

144 1317 174 1340 lo

585 668 1043 708 ARGVMENTVM

221 759 283 785 ex
325 747 557 786 Leslaeo
593 748 852 799 episeopo
891 746 1181 795 Rossensi,
1227 744 1416 785 Natali

222 811 453 861 Comite,
493 811 746 851 Gilberto
783 810 1134 851 Genebrardo
1171 810 1413 862 aliisque

552 876 743 929 passim
771 876 1080 916 auctoribus.

223 977 402 1017 Iacobus
422 977 483 1027 V.‚
514 977 657 1017 Iacobi
682 977 753 1017 IV.
783 991 836 1017 ex
862 977 1103 1029 Margareta
1131 976 1415 1028 superstitum

220 1042 393 1082 Henrici
424 1043 516 1084 VH.
546 1043 781 1094 Anglorum
811 1043 923 1094 regis
958 1042 1187 1082 liberorum
1223 1041 1412 1081 maxima

221 1107 350 1157 filius,
386 1108 564 1147 Mariam
593 1108 813 1148 Stuartam
843 1121 896 1147 ex
932 1107 1065 1147 Maria
1100 1107 1232 1148 Ducis
1269 1106 1410 1147 Guisii

218 1172 303 1212 filia
323 1173 523 1225 suscepit.
567 1173 672 1213 Eam
693 1186 788 1213 oum
810 1173 993 1225 primum
1012 1172 1244 1224 gentilioiis
1263 1185 1410 1223 regum

218 1237 453 1289 Anglorum
482 1237 720 1290 insignibus
748 1239 1016 1279 nobilitatam
1043 1237 1152 1277 vidit
1180 1237 1411 1288 Elizabeta,

219 1302 457 1354 Tithemea,
472 1303 560 1343 filia
579 1304 872 1343 HenrioiVllI.
887 1317 941 1343 ex
960 1304 1087 1343 Anna
1108 1303 1271 1343 Bolena
1290 1302 1406 1343 adul-

213 1368 350 1408 terina
369 1381 448 1409 sua
474 1369 636 1418 subole,
657 1369 883 1421 repudiata
903 1368 1133 1408 Catharina
1147 1368 1404 1420 Aragofflde,

213 1434 447 1474 Henricum
468 1447 568 1474 vero
589 1434 644 1475 Π.
685 1434 907 1474 Gallorum
927 1448 1071 1486 regem
1092 1447 1287 1474 socerum
1309 1433 1403 1474 eius

211 1499 440 1539 sollicitare
463 1499 730 1540 Clementem
750 1500 843 1540 VH.
874 1501 1121 1552 pontificem
1149 1499 1399 1549 maximum,

214 1567 259 1604 ut
287 1567 519 1617 praecepto
548 1565 690 1605 bullae
720 1564 962 1617 pontificiae
984 1565 1106 1604 Pauli
1130 1564 1202 1604 IV.
1224 1577 1403 1616 regnum

156 1644 168 1665 ·›
212 1629 448 1681 Anglorum
456 1629 582 1670 nurui
598 1643 700 1671 suae
715 1630 944 1680 adiudicet,
960 1630 1162 1670 Iacobum
1178 1630 1403 1669 Stuartum

209 1696 389 1735 nothum
424 1695 599 1736 fratrem
629 1696 789 1736 Mariae
825 1696 878 1736 ad
908 1696 958 1737 D.
987 1695 1186 1735 Andreae
1216 1694 1403 1746 priorem

210 1759 488 1801 Calvinistam
503 1760 701 1802 eoncitat.
724 1761 892 1801 Turbae
906 1761 948 1800 in
964 1760 1108 1801 Scotia
1124 1762 1168 1799 et
1183 1772 1401 1799 sacrorum

211 1826 400 1865 omnium
430 1827 608 1873 eversio,
638 1827 826 1867 rebellio.
883 1826 1018 1866 Maria
1053 1825 1208 1865 dotalis
1238 1824 1405 1865 Galliae

213 1889 439 1931 Francisco
469 1891 524 1932 ΙΙ.
560 1892 689 1932 vidua
726 1892 1034 1932 avunculorum
1072 1891 1248 1931 oonsilio
1288 1905 1405 1933 exer-

211 1955 343 1994 citum
372 1956 472 1995 illuc
500 1957 792 1996 transmittere
828 1957 1016 2009 parabat,
1053 1970 1150 1997 oum
1185 1957 1405 2009 profectus

210 2020 264 2060 ad
308 2033 402 2060 eam
440 2020 621 2061 Iacobus
656 2021 868 2071 Stuartus‚
912 2022 1003 2062 sola
1043 2022 1088 2061 in
1123 2022 1313 2062 Scotiam
1355 2024 1406 2061 ut

209 2085 394 2137 naviget,
410 2086 635 2138 persuasit.
666 2086 884 2126 Elizabeta
898 2086 1039 2127 missis
1053 2087 1208 2139 legatis
1221 2087 1402 2139 pignore

207 2149 519 2202 pretiosissimo
562 2151 713 2191 foedus
760 2164 855 2191 oum
904 2154 1059 2203 agnata
1099 2165 1260 2192 novum
1301 2152 1402 2192 ferit

207 2217 355 2255 mutuo
384 2215 469 2255 iam
498 2219 589 2256 tum
620 2216 776 2256 sororis
804 2217 989 2257 nomine.
1048 2217 1128 2257 Illa
1157 2217 1316 2257 donum
1344 2216 1403 2257 ni-

206 2280 292 2320 hilo
334 2280 476 2321 minus
511 2281 784 2322 adamantem
825 2281 869 2321 in
908 2283 1083 2335 figuram
1122 2282 1261 2323 cordis
1291 2284 1401 2324 exci-

205 2358 301 2385 sum
328 2347 509 2386 remittit
540 2347 704 2387 firmata
733 2347 846 2388 inter
876 2350 1101 2400 utramque
1131 2348 1402 2399 condicione,
