1623 2655
171 86 227 124 58
574 82 831 118 ROVLERIVS,
854 83 1062 111 STVARTA.
1084 83 1123 110 V.

735 197 970 237 Stuarta.

319 262 405 302 Sed
434 275 547 302 nunc
576 275 653 314 per
680 262 814 312 illum,
844 265 999 303 cuncta
1029 262 1099 314 qui
1131 275 1336 314 praesens
1364 261 1483 302 videt

210 342 278 367 1355
316 328 567 367 Dominator
595 327 721 375 orbis,
750 340 828 379 per
856 327 976 367 ducis
1005 330 1175 367 vestrae
1204 340 1378 376 moram,

317 393 401 432 Per
429 391 654 444 hospitalis
683 391 719 432 si
749 405 834 443 qua
863 392 1109 445 pectoribus
1138 392 1246 433 fides

318 458 549 509 Pietasque
578 457 735 497 vestris
764 460 919 497 restat:
951 458 1061 498 hanc
1091 458 1244 498 saltem
1274 458 1486 510 integram

318 522 526 574 Accipite,
556 535 766 575 proceres,
797 522 972 563 auribus
1000 536 1151 563 vocem
1182 523 1315 563 bonis.

371 587 546 628 Cunctis
575 589 770 640 potestas
799 589 874 627 fiat
903 587 1089 628 abeundi
1117 588 1226 628 meis

214 667 282 691 13410
320 653 374 693 Et
404 652 621 701 efferendi,
652 651 688 692 si
717 652 819 704 quid
849 666 874 692 a
901 652 1025 693 nobis
1052 653 1225 703 habent,

318 718 513 758 Ducente
542 717 626 757 fida
655 717 847 770 singulos
875 717 1082 758 custodia.

458 806 691 848 Kentius.
737 806 828 846 Stu
841 810 965 847 arta.
1010 807 1237 847 Bealius.

734 878 969 919 Kentius.

315 943 400 983 Adi
430 944 659 993 theatrum,
691 944 874 983 domina.
931 944 1110 993 Famuli,
1141 944 1297 984 ducite.

733 1014 959 1054 Stuarta.

313 1080 381 1119 Ad
412 1093 581 1120 summa
609 1080 674 1120 vis
704 1080 914 1132 supplicia
944 1080 1135 1132 reginam
1164 1081 1371 1120 trahant?

724 1163 967 1203 Kentius.

315 1229 473 1269 Servos
503 1229 641 1279 domo,
672 1228 866 1277 Paulete,
897 1229 1100 1269 ducturos
1130 1242 1245 1269 voca.

733 1300 959 1340 Stuarta.

208 1378 277 1404 1365
318 1365 492 1405 Etenim
522 1379 648 1405 suum
677 1367 862 1417 negante
890 1364 975 1405 iam
1005 1379 1161 1406 munus
1189 1365 1300 1418 pede

312 1430 393 1469 Vix
423 1430 513 1470 sola
540 1430 710 1481 gradior
738 1430 896 1482 vixque
926 1431 1114 1471 subsisto
1143 1430 1261 1472 satis.

735 1502 967 1542 Kentius.

315 1565 450 1616 Clara,
480 1566 614 1615 Beali,
644 1580 748 1606 voce
778 1579 925 1607 rursus
954 1566 1036 1606 huc
1066 1567 1168 1606 data

314 1631 558 1671 Elizabetae
590 1632 706 1671 iussa
734 1632 906 1683 reginae
936 1632 1047 1682 lege:

312 1696 425 1736 Dum
455 1697 739 1745 considemus,
770 1696 891 1736 audit
920 1699 964 1736 et
991 1696 1177 1748 populus
1206 1697 1419 1749 frequens.

735 1767 958 1807 Bealius.

208 1846 276 1871 1370
314 1832 532 1882 Helisabe,
561 1833 797 1884 Anglorum
826 1832 941 1872 felici
970 1833 1145 1872 numine
1173 1832 1373 1885 princeps

315 1898 617 1949 Celtarumque
648 1900 803 1950 potens
831 1898 1218 1949 Hibernorumque,
1248 1901 1453 1950 paternae

311 1964 533 2003 Assertrix
562 1963 673 2013 fidei,
703 1976 930 2014 regnorum
959 1963 1050 2003 iure
1079 1963 1330 2015 propinquis

189 2039 286 2072 [ΗΜ
326 2029 544 2068 Sarsberio
573 2028 719 2078 mittit,
749 2028 818 2069 cui
846 2026 1043 2078 Kentius,
1074 2028 1239 2080 Erbyus
1269 2031 1398 2080 atque

314 2093 575 2133 Pembrocus
606 2094 797 2143 comites,
830 2093 1226 2144 Comberlandoque
1255 2093 1451 2133 salutem.

207 2173 276 2197 1375
370 2158 727 2209 Quandoquidem
747 2171 972 2210 procerum
992 2161 1117 2198 coetu
1137 2158 1402 2198 sollemniter
1421 2160 1518 2200 acto

312 2223 565 2263 Nostrorum
594 2223 706 2263 votis
736 2223 916 2263 Mariam
946 2223 1254 2272 damnavimus,
1284 2223 1385 2262 olim

311 2288 521 2339 Reginam
551 2288 736 2338 Scotiae,
767 2301 890 2340 porro
921 2288 1136 2328 sententia
1164 2300 1301 2339 nuper

310 2353 488 2394 Civibus
517 2353 664 2394 accitis
692 2354 871 2394 recitata
901 2356 944 2393 et
974 2354 1057 2393 fixa
1086 2365 1162 2404 per
1190 2353 1329 2404 urbes,
