1623 2655
190 91 243 130 24

232 346 284 370 410

232 672 283 696 415

231 997 283 1021 421'1

191 1125 286 1158 [le]

231 1325 282 1349 425

232 1653 284 1677 430

234 1977 286 2002 435

240 2302 290 2326 4⁴0

540 35 556 47 Ι

567 89 824 125 ROVLERIVS,
847 90 1053 117 s'svARTA.
1095 91 1136 118 11.

319 202 434 252 Quos
464 203 578 242 unda
606 202 771 243 tumido
800 203 944 243 tundit
972 204 1016 244 in
1046 218 1215 245 cassum
1244 204 1346 254 5310,

320 267 414 307 Νο11
445 267 616 318 alloqui.
647 280 732 307 non
763 281 857 309 esse
887 269 1101 321 praesidio
1131 283 1245 318 suae,

323 332 421 381 Sed,
453 346 579 384 quam
609 333 794 373 ministri
822 334 1070 385 parricidae,
1101 348 1229 386 quam
1259 335 1418 375 nothus

318 397 412 437 Non
443 397 567 437 aliter
594 398 756 439 habuit,
787 399 977 439 barbaris
1007 400 1276 440 committere

319 462 375 502 Vt
404 462 669 514 inquinatam
699 463 875 504 crimine
907 478 960 504 ex
990 466 1118 517 vulgo
1146 479 1312 505 nurum.

320 527 448 567 Modo
478 528 716 576 Knollidae,
748 542 877 580 quem
905 530 1035 570 nimia
1066 531 1283 570 barbaries
1312 530 1452 569 virum

320 593 438 633 Fecit
468 593 625 644 negari.
657 593 756 633 dein
786 594 1093 635 Scherusberio
1123 595 1269 635 datam

323 658 375 697 Et
405 659 569 699 Amiae.
601 659 673 711 qui
702 659 827 699 facile
857 661 1077 712 superavit
1108 660 1226 700 duos.

320 723 388 762 Ah
418 723 586 773 misera,
617 728 665 764 tu
694 728 737 764 te
768 724 907 765 credis
935 726 1149 766 incautam
1181 726 1307 778 lupis,

322 787 487 837 Quibus
517 802 659 830 carere
690 791 803 830 fama
832 791 1040 831 mentitur
1069 791 1141 831 diu

320 853 470 893 Fallax
500 855 746 896 Britannos:
777 870 964 908 namque
994 860 1095 897 sunt
1124 856 1251 897 isthic
1280 855 1370 907 lupi

319 917 501 970 Impune
531 921 691 961 sanctis
720 934 891 974 semper
921 922 1163 974 hospitibus
1192 922 1271 962 feri

322 982 516 1024 Necdum
546 989 610 1025 tot
640 999 774 1026 annos
807 987 953 1026 funere
984 988 1147 1039 expleti
1177 1000 1285 1036 meo,

328 1047 425 1089 Meo
456 1054 500 1090 et
528 1065 732 1092 meorum.
764 1066 871 1104 quos
900 1053 1092 1105 iniquum
1124 1066 1335 1093 carcerem

328 1114 539 1169 Suspecta
569 1121 724 1169 cogunt
754 1118 912 1170 scripta
941 1131 1215 1170 comprensos
1245 1118 1345 1170 pati.

320 1184 374 1224 Et
405 1184 489 1224 iam
518 1198 595 1236 per
624 1196 758 1223 3111105
787 1196 924 1235 paene
954 1183 1020 1223 bis
1049 1183 1185 1223 denos
1214 1196 1315 1234 agor

320 1249 432 1289 Hinc
461 1249 559 1289 inde
589 1249 714 1288 noxis
743 1251 887 1288 mente
918 1249 1108 1288 confictis
1138 1248 1288 1296 virum,

323 1314 405 1364 Qui
434 1327 517 1354 non
547 1314 694 1366 magis,
726 1313 827 1365 quid
858 1314 962 1363 iura,
994 1313 1096 1365 quid
1124 1313 1242 1365 leges
1273 1312 1417 1357 velint,

322 1380 596 1431 Intellegunt.
628 1393 757 1431 quam
786 1379 931 1418 lumen
960 1379 1236 1419 astricomum
1266 1377 1383 1417 videt

322 1445 481 1484 Solaris
511 1445 611 1484 olim
640 1444 851 1497 lampadis
880 1445 993 1484 bubo
1021 1456 1151 1484 reses.

322 1510 414 1559 Vbi,
445 1510 601 1550 Albion
632 1511 817 1559 vetusta,
847 1523 961 1549 nunc
989 1508 1147 1549 candor
1175 1510 1308 1547 tuus?

323 1574 358 1614 O
389 1575 501 1614 victa
530 1575 669 1627 pietas
699 1574 918 1614 foederum
949 1577 1075 1626 rupta
1103 1573 1200 1622 fide,

324 1640 461 1689 Quam
491 1653 761 1680 consecraras
790 1640 902 1680 ultro
931 1639 1176 1692 pignoribus
1206 1638 1318 1677 datis

323 1705 416 1745 Tibi
447 1705 650 1757 mihique,
681 1705 716 1745 si
744 1705 863 1745 iuvat
891 1705 986 1753 diei,
1016 1717 1146 1753 soror7

323 1771 386 1810 De
416 1771 507 1810 iure
536 1771 668 1822 regni.
699 1783 827 1822 quam
856 1783 996 1822 neque
1026 1769 1170 1821 agnati
1200 1771 1342 1808 movet

323 1837 378 1876 Et
406 1840 493 1875 tam
523 1836 751 1888 propinqui
780 1835 1000 1887 sanguinis
1028 1834 1282 1883 reverentia,

323 1902 379 1941 Vt
408 1902 532 1941 unico
562 1902 749 1954 digneris
778 1901 925 1941 adfatu
958 1914 1087 1949 ream,

327 1966 462 2016 Quam
493 1967 681 2007 debuisti
709 1967 947 2019 supplicem
976 1965 1060 2005 fido
1090 1965 1177 2005 lare

325 2031 555 2083 Protegcre
586 2032 800 2083 quondam
832 2044 1048 2083 quamque
1078 2029 1316 2070 carceribus
1345 2027 1470 2068 novis

325 2096 502 2136 Totiens
531 2098 685 2149 fatigas
715 2100 756 2137 et
787 2096 955 2148 fatigari
981 2095 1102 2135 iubes

327 2161 482 2202 Crebro
512 2162 701 2202 efferatis
729 2162 931 2201 traditam
961 2160 1210 2200 custodibus

325 2227 382 2266 Et
409 2240 511 2279 prae
540 2226 747 2266 malorum
777 2226 920 2266 taedio
950 2225 1109 2265 morbis
1136 2236 1323 2275 gravem.

330 2291 407 2331 Vbi
439 2291 742 2331 criminantes?
773 2290 938 2339 Quidve
968 2294 1161 2342 patrasse
1191 2301 1343 2339 arguor

327 2355 399 2396 Sic
427 2356 716 2409 expiandum?
746 2355 912 2404 Quidve
943 2354 1190 2394 criminibus
1220 2353 1354 2404 magis
