1623 2655
107 342 179 367 133⁵

108 1051 177 1076 1340

108 1557 177 1582 1⁸45

75 1844 177 1878 [H4a]

110 2067 180 2093 1350

471 83 729 118 Romulius,
752 83 958 110 STVARTA.
985 85 1020 111 v.
1372 86 1424 125 57

214 196 449 237 Praestabo
478 198 661 238 eandem
691 198 864 238 cardine
895 211 1154 238 oeconomus
1185 198 1312 239 fidem

215 262 352 311 Quam
381 275 562 315 semper.
619 263 696 303 Ibo
727 277 923 316 quaeque
953 266 1219 316 postremum
1250 264 1370 304 iubes

220 327 329 380 Regi
357 328 503 377 feram,
534 341 613 368 nec
642 329 762 368 fuero
793 329 1003 369 dictorum
1032 329 1266 369 immemor.

254 431 474 470 Stuarta.
533 429 717 470 Amias.
777 429 1239 470 Scherusbericus.

642 501 671 540 S
683 505 702 540 t
712 515 740 541 u
749 505 871 541 arta.

215 567 335 606 Tune
367 567 598 617 arbitraris,
628 567 766 616 Amin,
798 567 912 618 quod
943 567 1172 606 clientibus

214 632 298 672 Per
326 645 436 685 quae
466 632 561 684 ipsa
590 632 687 671 misi
717 632 875 684 scripta
904 632 1071 684 providi
1101 632 1221 681 meis,

213 697 478 737 Elizabetam
506 697 616 737 forte
646 697 861 737 iussuram
891 697 1014 737 dari?

214 763 351 802 Nemo
381 765 551 803 recusat
582 763 695 802 iusta
724 763 940 802 morituro.

653 851 840 892 Amias.

996 917 1202 957 Arbitror.

636 971 856 1011 Stuarta.

215 1037 388 1087 Audite,
419 1051 629 1090 proceres,
660 1038 856 1076 ultimam
886 1035 1069 1076 insontis
1098 1049 1271 1088 precem

215 1103 271 1143 Et
297 1103 382 1143 huc
410 1102 628 1143 sacrificus
657 1103 785 1142 sinite
816 1102 1025 1142 concedat
1053 1114 1189 1141 meus.

516 1191 986 1232 Scherusbericus.

218 1257 300 1308 Qui
329 1270 485 1297 munus
514 1256 620 1296 illud
649 1257 871 1309 impleant,
901 1259 1071 1297 nostros
1100 1257 1244 1295 habes.

626 1345 868 1385 Stuarta.

216 1411 262 1452 Si
292 1411 529 1463 denegatur
557 1413 699 1463 mysta
728 1409 928 1451 morienti
957 1424 1091 1460 meus,

216 1477 398 1518 Coetum
426 1477 543 1526 mihi,
573 1476 804 1529 praefecte,
834 1476 1086 1515 famularem
1117 1475 1234 1516 cedo.

215 1543 370 1584 Testes
399 1556 473 1583 eos
501 1542 654 1582 adesse
684 1541 883 1581 morienti
912 1541 1042 1581 velim

215 1609 270 1648 Et
297 1608 516 1660 religionis
545 1607 745 1647 omnibus
773 1607 954 1659 posthac
983 1619 1118 1646 meae.

513 1697 983 1738 Scherusbericus.

216 1769 354 1809 Aliter
382 1771 607 1819 statutum,
638 1767 797 1820 quippe
828 1767 1060 1808 miscerent
1087 1780 1199 1807 novo

219 1834 413 1875 Clamore
444 1836 560 1874 tecta
589 1836 721 1885 teque
750 1834 975 1873 turbarent
1004 1833 1165 1873 heram.

639 1923 862 1963 Stuarta.

219 1988 328 2039 Quia
356 2002 424 2028 me
455 1988 580 2028 decet
608 1988 767 2028 maiore
797 1987 1002 2027 comitatu
1032 1987 1149 2037 mori,

218 2053 401 2094 Vocate:
432 2053 600 2103 sileant,
631 2066 685 2093 ne
715 2052 818 2104 quid
848 2052 1087 2104 impediant
1112 2053 1185 2101 rei,

217 2119 440 2171 Tacitique
470 2121 680 2170 spectent,
711 2118 929 2170 imperabo
958 2118 1166 2170 protinus.

515 2207 987 2247 Scherusbericus.

218 2279 280 2319 Ea
308 2280 391 2320 fide
421 2281 699 2320 accersuntur
729 2292 750 2318 e
780 2278 982 2331 puellulis

219 2343 351 2384 Binae
380 2347 510 2397 atque
540 2344 687 2384 famuli
717 2344 929 2396 quinque:
960 2357 1014 2384 ne
1044 2344 1189 2395 plures
1217 2356 1332 2395 roga.
