1623 2655
62 670 117 696 505

60 1403 114 1429 510

63 2230 115 2257 515

407 103 552 131 ROVLE
558 103 666 138 RIVs,
689 103 896 131 STVARTA.
935 104 979 131 11.

585 217 808 257 Stuarta.

157 290 221 330 De
251 291 380 331 rebus
409 301 504 329 esse
534 288 694 329 veritas
722 288 852 328 nullis
881 290 1026 340 potest
1037 290 1058 328 :³

595 366 782 406 Amias.

156 437 428 490 Nequiquam
457 441 607 490 aperta
635 450 856 489 pernegas.
914 438 1014 477 Alto
1043 436 1121 478 tibi

154 502 282 543 Dirae
311 504 522 544 malorum
552 503 677 543 corde
708 503 945 543 reclamant
973 503 1112 543 nimis.

582 586 803 625 Stuarta.

157 656 330 697 Nullum
362 658 461 707 tuis,
492 657 720 709 praefecte,
748 657 955 697 succurrit
985 659 1144 697 malum

152 722 259 762 Mihi
287 721 493 774 piandum
521 722 691 762 laribus.
750 722 926 763 Intueor
955 724 1071 769 satis,

153 787 269 827 Satis
298 787 491 827 intuetur
519 787 692 840 penitus
722 787 935 828 admissus
965 789 1094 828 Deus.

593 864 776 905 Amias.

153 935 304 975 Perdis
332 935 572 976 Britannos.

580 1013 808 1053 Stuarta.

594 1084 650 1123 Et
679 1084 775 1124 volo
806 1084 895 1124 fieri
925 1088 1077 1125 meos?

594 1161 782 1201 Ainias.

155 1230 238 1271 Cur
267 1244 365 1282 ergo
395 1231 504 1271 clam
534 1232 714 1272 conubia
745 1232 932 1273 Norfolci
963 1234 1112 1273 ducis?

578 1322 804 1362 Stuarta.

155 1390 347 1431 Conubia
375 1394 492 1432 certo
521 1392 640 1432 nulla
669 1393 761 1432 sine
792 1397 905 1433 teste
935 1394 1076 1434 ambii.

591 1482 777 1522 Amias.

154 1551 259 1601 Quis
288 1552 342 1592 ad
372 1552 446 1592 illa
474 1553 631 1594 testis?

579 1630 801 1672 Stuarta.

658 1701 862 1754 Quisquis
892 1717 1056 1756 auspex
1088 1708 1132 1744 et
1161 1705 1246 1745 mei

151 1765 368 1806 Mor-avius
397 1765 492 1818 ipsa
521 1767 660 1818 pestis
689 1767 858 1819 imperii
888 1769 1058 1808 nothus.

589 1856 778 1896 Amias.

154 1922 246 1972 Quo
275 1937 393 1964 more
423 1927 581 1965 testem
611 1930 825 1966 mortuum
855 1928 1140 1979 produxeris?

579 2009 803 2049 Stuarta.

152 2076 352 2127 Idoneus,
384 2077 485 2118 dum
518 2079 635 2130 vixit,
665 2080 781 2120 haud
810 2095 1000 2134 unquam
1030 2083 1215 2125 exstitit.

588 2151 777 2192 Amias.

151 2219 248 2259 Non
276 2220 387 2260 olam
415 2232 559 2261 sorore
590 2226 769 2274 coeptus
797 2223 1062 2276 hymenaeus
1092 2226 1209 2266 fuit?

578 2298 607 2338 S
616 2302 633 2338 t
642 2313 669 2339 u
678 2312 703 2339 a
713 2313 734 2339 r
744 2303 763 2340 t.
773 2313 808 2341 a.

153 2365 293 2416 Quem
319 2369 541 2410 nesciebat
560 2382 688 2410 nemo
708 2372 876 2411 concilii
896 2372 1035 2412 virum
1043 2374 1064 2412 2³

1322 104 1378 146 2?
