1623 2655
257 271 324 296 1065

256 597 324 621 1050

172 960 175 964 .
232 921 324 954 1G2b]

256 1334 323 1357 1050

258 1660 325 1683 1085

260 1988 327 2013 1090

262 2314 329 2338 1095

606 78 1181 115 RUVLERIYS,STVARTA.1V.

363 193 507 244 Atque
538 206 635 233 ecce
666 194 739 244 qui
769 193 957 246 diploma
986 195 1179 236 Londino
1208 209 1338 249 super

363 257 601 309 Regnantis
630 258 737 298 haec
765 262 944 310 urgente
975 261 1177 301 mandato
1207 263 1365 312 attulit,

361 322 419 362 Vt
448 323 659 363 crastinus
688 337 786 364 cum
816 324 1016 365 Phoebus
1046 329 1240 366 octavam
1270 328 1393 378 feret,

364 388 626 440 peragamus
655 389 697 428 in
728 393 784 438 te,
814 390 1023 442 quidquid
1051 391 1145 444 ipsa
1174 394 1391 446 praecipit.

364 453 486 502 Quod
516 453 558 492 in
588 467 691 494 suae
721 454 869 494 molita
898 456 1131 506 perniciem
1161 457 1341 509 Angliae

364 519 418 557 Et
447 518 696 558 vastitatem
727 533 864 571 nuper
892 520 1028 560 accire
1058 525 1241 571 exteros,

364 582 446 632 Qui
475 583 692 635 religionis
721 584 764 623 in
795 585 1043 624 Latinorum
1074 586 1202 626 fidem

363 649 632 689 Auctoritate
663 662 811 690 rursus
840 650 973 690 oblita
1001 654 1171 702 patrum

363 715 555 766 Agerent
583 715 813 755 Britannos
843 718 887 755 et
915 716 996 755 sub
1025 716 1263 756 Ausonium
1294 731 1453 770 senem,

363 779 499 828 Quem
529 780 666 831 prima
694 781 887 832 sequeris
918 795 1132 833 quemque
1163 784 1384 835 compellis
1413 786 1535 837 sequi

363 845 523 897 Papam
555 850 736 894 tuorum,
769 858 815 885 es
845 859 985 896 causa,
1017 860 1091 885 cur
1120 848 1257 899 possit
1286 849 1427 889 minus

366 910 503 950 Verus
532 911 722 963 supremi
751 912 893 951 cultus
922 912 1005 951 huc
1034 912 1155 952 reddi
1184 913 1330 965 patris,

362 975 623 1027 Guisiaeque
655 977 850 1015 columen
880 977 1080 1028 pervicax
1111 991 1282 1030 semper
1311 979 1462 1020 domus

365 1041 417 1080 Et
446 1040 672 1081 restitutae
702 1042 793 1081 sola
822 1042 997 1093 pietatis
1026 1043 1130 1083 lues.

763 1131 1023 1171 Stuarta

362 1190 455 1229 Hoc
484 1190 666 1230 foedus?
696 1190 814 1230 Haec
844 1193 910 1230 est
938 1191 1085 1242 gratia,
1116 1191 1224 1231 haec
1252 1192 1365 1244 pacti
1397 1192 1534 1233 fides?

364 1255 458 1294 Non
488 1259 554 1295 est
583 1255 687 1295 mihi
716 1255 907 1307 pollicita
935 1269 981 1295 se
1011 1256 1143 1295 talem
1171 1270 1300 1306 soror,

364 1319 559 1359 Pollicita
588 1334 672 1359 non
703 1322 781 1368 est,
814 1333 908 1359 cum
940 1320 1196 1361 Caledoniae
1226 1321 1339 1361 mala

364 1385 416 1424 Et
445 1388 591 1425 nostra
620 1385 834 1436 quondam
868 1386 959 1425 visa
988 1386 1180 1426 miserari
1211 1386 1330 1426 dedit

364 1451 579 1490 Promissa
609 1451 734 1489 simul
766 1454 808 1489 et
838 1451 992 1502 pignus
1021 1454 1217 1490 auratum
1247 1465 1349 1491 suae

364 1515 483 1554 Fidei
513 1517 643 1567 atque
673 1516 829 1555 amoris
860 1517 1053 1555 nuntium
1087 1519 1130 1556 et
1160 1516 1273 1568 cepit
1301 1517 1386 1556 mei

366 1580 609 1620 Adamanta
638 1580 776 1620 cordis
806 1585 1014 1620 mutuum.
1073 1582 1301 1632 Nunquam
1333 1581 1507 1633 quidem

361 1646 512 1685 lsthuc
541 1645 721 1685 eandem
750 1645 946 1697 progredi
975 1646 1139 1684 fueram
1168 1648 1277 1694 rata,

364 1711 421 1751 Vt
449 1714 564 1751 sorte
595 1710 723 1751 simili
752 1710 922 1761 generis
953 1712 996 1749 et
1025 1710 1182 1761 sceptri
1212 1710 1293 1750 sibi

367 1777 563 1816 lunctam
591 1788 745 1815 necare
774 1775 917 1825 vellet,
949 1778 993 1814 et
1021 1775 1103 1815 reri
1132 1777 1277 1814 tamen

368 1842 429 1881 Ex
459 1855 544 1893 quo
574 1841 680 1881 meis
711 1853 892 1880 excussa
920 1840 1042 1892 potui
1071 1839 1239 1880 finibus.

365 1907 458 1946 Non
488 1907 550 1946 sic
578 1907 771 1958 fugatum
800 1906 916 1957 regia
945 1904 1179 1944 Henricum
1209 1918 1287 1944 sua

366 1974 417 2012 In
445 1971 613 2012 Scotica
643 1985 827 2024 proavus
856 1984 957 2011 arva
985 1970 1176 2022 suscepit
1204 1983 1336 2010 meus.

366 2039 436 2087 At,
467 2037 710 2088 optimates,
740 2036 900 2088 gratias
928 2035 1049 2076 vobis
1079 2048 1169 2087 ago,

367 2102 448 2152 Qui
477 2102 697 2151 nuntiatis,
728 2101 842 2153 quod
872 2102 1023 2141 timere
1054 2100 1194 2149 debui,

366 2168 462 2208 Non
490 2167 657 2218 fugere3
688 2169 831 2218 grates
860 2165 1018 2206 arbitro
1048 2179 1189 2205 rerum
1220 2165 1309 2204 Deo

372 2234 609 2284 Precesque
639 2231 776 2271 solvo:
807 2231 975 2271 fortiter
1003 2230 1122 2270 dabit
1142 2230 1248 2269 haec
1267 2228 1356 2280 pati

369 2299 507 2349 Quam
536 2296 712 2337 tradidit
741 2296 898 2336 sororis
926 2296 969 2335 in
998 2295 1249 2348 potentiam.

369 2363 562 2404 Praelusi
591 2362 753 2403 amicae
783 2361 1003 2401 mensibus
1033 2360 1159 2400 morti
1189 2359 1339 2408 tribus,
