1623 2655
161 56 216 96 ἒ

201 392 270 417 1120

203 896 271 919 1125

555 57 811 93 ROVLERIVS,
839 58 1045 87 STVARTA.
1072 59 1087 86 1
1094 60 1128 85 V.

618 170 1064 213 Scherusbericus.

306 240 486 280 Nostros
515 254 700 291 recusas,
730 255 810 282 neo
839 243 917 283 tibi
946 244 1127 284 admitto
1156 248 1289 287 tuum.

722 319 751 358 S
764 322 819 358 tu
832 333 856 359 a
868 334 887 359 r
898 324 916 359 t
928 334 963 361 a.

308 377 470 418 Saltem
502 377 688 417 familiae
718 379 903 418 nobilem
936 393 1213 422 oeconomum
1243 384 1361 424 cedo.

616 449 1059 492 Scherusberieus.

307 502 499 542 Dabitur.

746 556 931 597 Amias.

556 620 737 660 Paretur
766 621 936 661 interim
967 636 1131 674 poenae
1161 625 1292 675 locus,

306 686 434 725 Altus
464 685 571 726 duos
600 686 800 738 latusque
830 687 1026 727 bissenos
1055 689 1200 741 pedes,

308 750 445 800 Quem
475 751 790 803 saepimentum
820 752 981 804 pariter
1009 754 1188 805 aequale
1219 755 1391 804 ambiat,

307 816 362 855 Et
391 816 548 856 circum
577 816 736 856 amictu
766 817 910 869 pullus
939 818 1112 858 obvelet
1140 818 1259 870 nigro

309 881 525 933 Lugubria
552 894 720 934 pannus
749 882 902 922 omnia.
960 882 1011 922 In
1041 883 1181 923 medio
1211 897 1308 924 reae

248 971 251 973 ,
308 947 443 987 Sedes
472 947 641 987 theatro
670 950 805 987 strata
835 947 1141 999 pulvinaribus.

174 1023 266 1055 [(i8b]

208 1354 276 1378 1130

208 1681 276 1705 1135

216 2006 283 2031 1140

603 1012 807 1052 Chorus.
866 1012 1086 1053 Stuarta.

739 1077 957 1118 Chorus.

363 1143 398 1182 O
429 1146 577 1182 sancta
606 1143 762 1195 pietas!
794 1142 829 1182 O
858 1144 1117 1194 gubernator
1145 1145 1255 1196 poli!

310 1208 344 1248 O
375 1208 482 1248 lucis
511 1209 649 1247 almae
680 1211 826 1247 vector
855 1211 900 1247 et
928 1208 1075 1247 mundi
1104 1208 1238 1258 iubar,

311 1273 422 1323 Quid
453 1273 659 1312 audiisti?
690 1273 802 1322 Quid
831 1273 998 1313 videbis
1027 1274 1269 1313 crastinus?

315 1339 426 1388 Quid
456 1338 611 1378 Albion
642 1338 886 1390 spectabit?
916 1338 970 1377 Et
999 1338 1095 1390 quis
1123 1352 1207 1378 non
1237 1342 1376 1390 neget,

314 1404 436 1453 Quod
465 1404 534 1443 hio
563 1406 766 1455 paratur?
796 1404 973 1455 Spretor
1001 1403 1175 1455 hospitii
1205 1404 1376 1444 Thoas?

366 1470 574 1509 Lamenta
604 1473 786 1518 cessant,
818 1470 943 1509 turba
971 1468 1166 1521 captivae
1197 1471 1324 1508 mea?

312 1535 345 1574 F
349 1534 455 1574 erite
484 1534 638 1586 palmis
667 1538 840 1585 pectora
871 1538 915 1574 et
943 1535 1141 1586 planctus
1171 1534 1270 1574 date

314 1600 369 1640 Et
397 1599 511 1639 iusta
540 1599 737 1638 dominae
766 1600 915 1638 facite:
946 1612 1089 1639 carcer
1117 1600 1289 1638 insonet

314 1665 487 1714 Fatalis,
518 1665 668 1704 Amiae
698 1664 789 1703 dira
818 1663 1007 1703 custodis
1037 1663 1200 1703 domus.

315 1730 465 1783 Neque
497 1729 610 1769 enini
639 1743 795 1769 novum
816 1742 893 1769 vos
922 1729 1088 1780 vulgus,
1115 1729 1169 1768 ad
1197 1728 1393 1768 lacrimas
1413 1725 1521 1766 rude

315 1796 479 1847 Lugere
509 1795 647 1835 iubeo.
704 1794 862 1834 Facitis
891 1794 972 1833 hoo
1000 1793 1123 1833 annis
1153 1793 1301 1832 decem

317 1862 563 1913 Decemque
594 1872 758 1900 rursus:
790 1873 844 1899 ex
874 1873 958 1911 quo
987 1858 1031 1898 in
1060 1858 1295 1909 Anglorum
1325 1857 1447 1896 sinus

316 1927 371 1966 Et
398 1925 670 1978 inhospitalis
699 1925 895 1965 Albionis
924 1924 1048 1963 litora

320 1991 452 2030 Velut
479 1991 523 2030 in
552 1991 750 2042 luporum
779 1990 976 2029 venimus
1004 1989 1137 2028 rictus
1166 2000 1280 2036 oveS‚

318 2056 510 2096 Maerore
541 2056 659 2095 nulla
688 2055 824 2096 caruit
854 2056 898 2094 et
926 2056 1084 2106 questu
1113 2053 1218 2092 dies.

318 2122 372 2162 Et
400 2121 486 2161 iam
514 2120 729 2159 ministrat
758 2133 886 2160 eausa
914 2119 1106 2172 ploratus
1135 2131 1256 2157 nova.

319 2187 449 2228 Adite
478 2186 688 2239 planctus.
747 2185 782 2225 O
811 2186 948 2224 mare!
980 2184 1015 2224 O
1045 2183 1229 2223 caelum!
1261 2181 1295 2220 O
1326 2180 1485 2219 solum!

733 2255 972 2295 Stuarta.

321 2329 431 2379 Quid
460 2342 542 2378 me,
572 2327 754 2380 puellae,
784 2325 925 2366 fletis?
954 2328 1022 2365 An
1051 2323 1240 2363 nondum
1269 2321 1375 2362 satis
