<?xml version="1.0" encoding="UTF-8"?>
<!DOCTYPE html PUBLIC "-//W3C//DTD XHTML 1.0 Transitional//EN"
    "http://www.w3.org/TR/xhtml1/DTD/xhtml1-transitional.dtd">
<html xmlns="http://www.w3.org/1999/xhtml" xml:lang="en" lang="en">
 <head>
  <title>
</title>
<meta http-equiv="Content-Type" content="text/html;charset=utf-8" />
  <meta name='ocr-system' content='tesseract 3.04.00' />
  <meta name='ocr-capabilities' content='ocr_page ocr_carea ocr_par ocr_line ocrx_word'/>
</head>
<body>
  <div class='ocr_page' id='page_1' title='image "./stvartatragoedia00rouluoft_0061.png"; bbox 0 0 1623 2655; ppageno 0'>
   <div class='ocr_carea' id='block_1_1' title="bbox 102 562 153 589">
    <p class='ocr_par' dir='ltr' id='par_1_1' title="bbox 102 562 153 589">
     <span class='ocr_line' id='line_1_1' title="bbox 102 562 153 589; baseline -0.02 0"><span class='ocrx_word' id='word_1_1' title='bbox 102 562 153 589; x_wconf 77' lang='lat'>705</span> 
     </span>
    </p>
   </div>
   <div class='ocr_carea' id='block_1_2' title="bbox 99 890 151 915">
    <p class='ocr_par' dir='ltr' id='par_1_2' title="bbox 99 890 151 915">
     <span class='ocr_line' id='line_1_2' title="bbox 99 890 151 915; baseline -0.019 0"><span class='ocrx_word' id='word_1_2' title='bbox 99 890 151 915; x_wconf 73' lang='lat'>&#39;710</span> 
     </span>
    </p>
   </div>
   <div class='ocr_carea' id='block_1_3' title="bbox 97 1215 149 1241">
    <p class='ocr_par' dir='ltr' id='par_1_3' title="bbox 97 1215 149 1241">
     <span class='ocr_line' id='line_1_3' title="bbox 97 1215 149 1241; baseline 0 0"><span class='ocrx_word' id='word_1_3' title='bbox 97 1215 149 1241; x_wconf 73' lang='lat'>715</span> 
     </span>
    </p>
   </div>
   <div class='ocr_carea' id='block_1_4' title="bbox 96 1541 148 1567">
    <p class='ocr_par' dir='ltr' id='par_1_4' title="bbox 96 1541 148 1567">
     <span class='ocr_line' id='line_1_4' title="bbox 96 1541 148 1567; baseline -0.038 0"><span class='ocrx_word' id='word_1_4' title='bbox 96 1541 148 1567; x_wconf 74' lang='lat'>720</span> 
     </span>
    </p>
   </div>
   <div class='ocr_carea' id='block_1_5' title="bbox 66 1670 146 1704">
    <p class='ocr_par' dir='ltr' id='par_1_5' title="bbox 66 1670 146 1704">
     <span class='ocr_line' id='line_1_5' title="bbox 66 1670 146 1704; baseline 0.013 -6"><span class='ocrx_word' id='word_1_5' title='bbox 66 1670 146 1704; x_wconf 86' lang='lat' dir='ltr'><strong>E3b]</strong></span> 
     </span>
    </p>
   </div>
   <div class='ocr_carea' id='block_1_6' title="bbox 93 2054 146 2079">
    <p class='ocr_par' dir='ltr' id='par_1_6' title="bbox 93 2054 146 2079">
     <span class='ocr_line' id='line_1_6' title="bbox 93 2054 146 2079; baseline 0 0"><span class='ocrx_word' id='word_1_6' title='bbox 93 2054 146 2079; x_wconf 78' lang='lat'>&#39;125</span> 
     </span>
    </p>
   </div>
   <div class='ocr_carea' id='block_1_7' title="bbox 436 137 1402 180">
    <p class='ocr_par' dir='ltr' id='par_1_7' title="bbox 436 137 1402 180">
     <span class='ocr_line' id='line_1_7' title="bbox 436 137 1402 180; baseline -0.003 -14"><span class='ocrx_word' id='word_1_7' title='bbox 436 138 581 166; x_wconf 79' lang='lat' dir='ltr'>RoVLE</span> <span class='ocrx_word' id='word_1_8' title='bbox 589 138 693 172; x_wconf 76' lang='lat' dir='ltr'>fflVS,</span> <span class='ocrx_word' id='word_1_9' title='bbox 716 137 924 165; x_wconf 71' lang='lat' dir='ltr'><strong>STVARTA.</strong></span> <span class='ocrx_word' id='word_1_10' title='bbox 952 137 1012 164; x_wconf 85' lang='grc' dir='ltr'>[ΙΙ.</span> <span class='ocrx_word' id='word_1_11' title='bbox 1347 142 1402 180; x_wconf 67' lang='lat'>35</span> 
     </span>
    </p>
   </div>
   <div class='ocr_carea' id='block_1_8' title="bbox 602 251 1335 374">
    <p class='ocr_par' dir='ltr' id='par_1_8' title="bbox 602 251 1335 374">
     <span class='ocr_line' id='line_1_8' title="bbox 602 251 836 292; baseline -0.004 -2"><span class='ocrx_word' id='word_1_12' title='bbox 602 251 836 292; x_wconf 88' lang='lat' dir='ltr'>Drurius.</span> 
     </span>
     <span class='ocr_line' id='line_1_9' title="bbox 686 323 1335 374; baseline 0.003 -12"><span class='ocrx_word' id='word_1_13' title='bbox 686 323 741 362; x_wconf 90' lang='lat' dir='ltr'>Et</span> <span class='ocrx_word' id='word_1_14' title='bbox 770 323 882 374; x_wconf 89' lang='lat' dir='ltr'>quod</span> <span class='ocrx_word' id='word_1_15' title='bbox 913 324 967 363; x_wconf 90' lang='lat' dir='ltr'>ob</span> <span class='ocrx_word' id='word_1_16' title='bbox 996 323 1111 363; x_wconf 86' lang='lat' dir='ltr'>visas</span> <span class='ocrx_word' id='word_1_17' title='bbox 1140 323 1335 364; x_wconf 74' lang='lat' dir='ltr'>malum?</span> 
     </span>
    </p>
   </div>
   <div class='ocr_carea' id='block_1_9' title="bbox 181 411 1371 1712">
    <p class='ocr_par' dir='ltr' id='par_1_9' title="bbox 181 411 1371 1712">
     <span class='ocr_line' id='line_1_10' title="bbox 628 411 812 452; baseline -0.005 -1"><span class='ocrx_word' id='word_1_18' title='bbox 628 411 812 452; x_wconf 86' lang='lat' dir='ltr'>Amias.</span> 
     </span>
     <span class='ocr_line' id='line_1_11' title="bbox 191 483 1056 536; baseline 0.001 -14"><span class='ocrx_word' id='word_1_19' title='bbox 191 483 267 524; x_wconf 90' lang='lat' dir='ltr'>Vel</span> <span class='ocrx_word' id='word_1_20' title='bbox 295 483 389 536; x_wconf 85' lang='lat' dir='ltr'>ipsa</span> <span class='ocrx_word' id='word_1_21' title='bbox 418 483 548 523; x_wconf 86' lang='lat' dir='ltr'>simili</span> <span class='ocrx_word' id='word_1_22' title='bbox 577 483 661 523; x_wconf 89' lang='lat' dir='ltr'>fine</span> <span class='ocrx_word' id='word_1_23' title='bbox 690 483 759 523; x_wconf 82' lang='lat' dir='ltr'>vel</span> <span class='ocrx_word' id='word_1_24' title='bbox 789 484 928 523; x_wconf 84' lang='lat' dir='ltr'>victus</span> <span class='ocrx_word' id='word_1_25' title='bbox 958 483 1056 523; x_wconf 90' lang='lat' dir='ltr'>dolo</span> 
     </span>
     <span class='ocr_line' id='line_1_12' title="bbox 191 548 1357 602; baseline 0.003 -14"><span class='ocrx_word' id='word_1_26' title='bbox 191 548 371 601; x_wconf 80' lang='lat' dir='ltr'>Scripsit</span> <span class='ocrx_word' id='word_1_27' title='bbox 400 549 605 589; x_wconf 89' lang='lat' dir='ltr'>clientum</span> <span class='ocrx_word' id='word_1_28' title='bbox 635 549 873 601; x_wconf 78' lang='lat' dir='ltr'>quisquam,</span> <span class='ocrx_word' id='word_1_29' title='bbox 905 553 949 589; x_wconf 87' lang='lat' dir='ltr'>et</span> <span class='ocrx_word' id='word_1_30' title='bbox 978 552 1205 602; x_wconf 76' lang='lat' dir='ltr'>exceptam</span> <span class='ocrx_word' id='word_1_31' title='bbox 1235 553 1357 591; x_wconf 82' lang='lat' dir='ltr'>catus</span> 
     </span>
     <span class='ocr_line' id='line_1_13' title="bbox 185 614 1284 666; baseline 0.001 -12"><span class='ocrx_word' id='word_1_32' title='bbox 185 614 446 666; x_wconf 86' lang='lat' dir='ltr'>Lectamque</span> <span class='ocrx_word' id='word_1_33' title='bbox 477 614 822 666; x_wconf 76' lang='lat' dir='ltr'>descriptamque</span> <span class='ocrx_word' id='word_1_34' title='bbox 852 628 1020 654; x_wconf 85' lang='lat' dir='ltr'>rursum</span> <span class='ocrx_word' id='word_1_35' title='bbox 1053 614 1284 666; x_wconf 78' lang='lat' dir='ltr'>epistulam</span> 
     </span>
     <span class='ocr_line' id='line_1_14' title="bbox 188 679 1009 732; baseline 0 -13"><span class='ocrx_word' id='word_1_36' title='bbox 188 679 297 720; x_wconf 86' lang='lat' dir='ltr'>Illuc</span> <span class='ocrx_word' id='word_1_37' title='bbox 325 680 512 729; x_wconf 72' lang='lat' dir='ltr'>remitto,</span> <span class='ocrx_word' id='word_1_38' title='bbox 543 693 627 732; x_wconf 89' lang='lat' dir='ltr'>quo</span> <span class='ocrx_word' id='word_1_39' title='bbox 656 680 903 732; x_wconf 83' lang='lat' dir='ltr'>peregrinas</span> <span class='ocrx_word' id='word_1_40' title='bbox 933 680 1009 720; x_wconf 91' lang='lat' dir='ltr'>scii</span> 
     </span>
     <span class='ocr_line' id='line_1_15' title="bbox 187 744 1146 786; baseline -0.001 -1"><span class='ocrx_word' id='word_1_41' title='bbox 187 746 320 786; x_wconf 84' lang='lat' dir='ltr'>Paulo</span> <span class='ocrx_word' id='word_1_42' title='bbox 351 749 450 785; x_wconf 82' lang='lat' dir='ltr'>ante</span> <span class='ocrx_word' id='word_1_43' title='bbox 480 744 635 785; x_wconf 86' lang='lat' dir='ltr'>missas</span> <span class='ocrx_word' id='word_1_44' title='bbox 666 745 937 785; x_wconf 83' lang='lat' dir='ltr'>exsulantum</span> <span class='ocrx_word' id='word_1_45' title='bbox 966 746 1146 786; x_wconf 78' lang='lat' dir='ltr'>litteras.</span> 
     </span>
     <span class='ocr_line' id='line_1_16' title="bbox 185 811 1251 864; baseline 0.001 -14"><span class='ocrx_word' id='word_1_46' title='bbox 185 811 493 863; x_wconf 77' lang='lat' dir='ltr'>Quodcumque</span> <span class='ocrx_word' id='word_1_47' title='bbox 522 811 805 863; x_wconf 87' lang='lat' dir='ltr'>respondetur</span> <span class='ocrx_word' id='word_1_48' title='bbox 824 811 935 861; x_wconf 85' lang='lat' dir='ltr'>hinc,</span> <span class='ocrx_word' id='word_1_49' title='bbox 965 811 1083 851; x_wconf 86' lang='lat' dir='ltr'>illino</span> <span class='ocrx_word' id='word_1_50' title='bbox 1112 825 1251 864; x_wconf 84' lang='lat' dir='ltr'>super,</span> 
     </span>
     <span class='ocr_line' id='line_1_17' title="bbox 190 875 1074 928; baseline 0.005 -13"><span class='ocrx_word' id='word_1_51' title='bbox 190 875 535 916; x_wconf 83' lang='lat' dir='ltr'>Examinanduln</span> <span class='ocrx_word' id='word_1_52' title='bbox 564 879 717 916; x_wconf 83' lang='lat' dir='ltr'>nactus</span> <span class='ocrx_word' id='word_1_53' title='bbox 748 877 925 928; x_wconf 82' lang='lat' dir='ltr'>exposui</span> <span class='ocrx_word' id='word_1_54' title='bbox 955 877 1074 919; x_wconf 77' lang='lat' dir='ltr'>meis,</span> 
     </span>
     <span class='ocr_line' id='line_1_18' title="bbox 187 941 1092 993; baseline 0.001 -12"><span class='ocrx_word' id='word_1_55' title='bbox 187 941 557 982; x_wconf 84' lang='lat' dir='ltr'>Communicatum</span> <span class='ocrx_word' id='word_1_56' title='bbox 586 942 821 993; x_wconf 83' lang='lat' dir='ltr'>Valsigano</span> <span class='ocrx_word' id='word_1_57' title='bbox 852 945 895 982; x_wconf 84' lang='lat' dir='ltr'>et</span> <span class='ocrx_word' id='word_1_58' title='bbox 924 942 1092 992; x_wconf 78' lang='lat' dir='ltr'>ceteris,</span> 
     </span>
     <span class='ocr_line' id='line_1_19' title="bbox 185 1007 1157 1057; baseline 0.001 -10"><span class='ocrx_word' id='word_1_59' title='bbox 185 1007 372 1057; x_wconf 80' lang='lat' dir='ltr'>Quorum</span> <span class='ocrx_word' id='word_1_60' title='bbox 400 1008 581 1047; x_wconf 87' lang='lat' dir='ltr'>interest</span> <span class='ocrx_word' id='word_1_61' title='bbox 609 1007 811 1047; x_wconf 82' lang='lat' dir='ltr'>damnare</span> <span class='ocrx_word' id='word_1_62' title='bbox 840 1007 998 1048; x_wconf 87' lang='lat' dir='ltr'>iudicio</span> <span class='ocrx_word' id='word_1_63' title='bbox 1028 1021 1157 1049; x_wconf 86' lang='lat' dir='ltr'>ream.</span> 
     </span>
     <span class='ocr_line' id='line_1_20' title="bbox 185 1072 1330 1126; baseline 0.003 -15"><span class='ocrx_word' id='word_1_64' title='bbox 185 1072 401 1125; x_wconf 86' lang='lat' dir='ltr'>Exspecto</span> <span class='ocrx_word' id='word_1_65' title='bbox 431 1073 571 1113; x_wconf 87' lang='lat' dir='ltr'>finem.</span> <span class='ocrx_word' id='word_1_66' title='bbox 630 1073 769 1122; x_wconf 78' lang='lat' dir='ltr'>Quam</span> <span class='ocrx_word' id='word_1_67' title='bbox 798 1086 948 1125; x_wconf 82' lang='lat' dir='ltr'>precor</span> <span class='ocrx_word' id='word_1_68' title='bbox 977 1073 1165 1126; x_wconf 86' lang='lat' dir='ltr'>speciem</span> <span class='ocrx_word' id='word_1_69' title='bbox 1196 1088 1330 1126; x_wconf 81' lang='lat' dir='ltr'>queas</span> 
     </span>
     <span class='ocr_line' id='line_1_21' title="bbox 191 1137 1371 1192; baseline 0.003 -16"><span class='ocrx_word' id='word_1_70' title='bbox 191 1137 410 1177; x_wconf 82' lang='lat' dir='ltr'>Scelerum</span> <span class='ocrx_word' id='word_1_71' title='bbox 438 1138 624 1190; x_wconf 85' lang='lat' dir='ltr'>priorem</span> <span class='ocrx_word' id='word_1_72' title='bbox 655 1138 814 1190; x_wconf 83' lang='lat' dir='ltr'>fingere</span> <span class='ocrx_word' id='word_1_73' title='bbox 826 1141 847 1178; x_wconf 64' lang='grc' dir='ltr'>ζ’</span> <span class='ocrx_word' id='word_1_74' title='bbox 903 1140 993 1178; x_wconf 85' lang='lat' dir='ltr'>Aut</span> <span class='ocrx_word' id='word_1_75' title='bbox 1021 1140 1095 1191; x_wconf 90' lang='lat' dir='ltr'>qui</span> <span class='ocrx_word' id='word_1_76' title='bbox 1124 1140 1210 1179; x_wconf 85' lang='lat' dir='ltr'>iam</span> <span class='ocrx_word' id='word_1_77' title='bbox 1239 1144 1371 1192; x_wconf 82' lang='lat' dir='ltr'>neget</span> 
     </span>
     <span class='ocr_line' id='line_1_22' title="bbox 188 1202 1130 1244; baseline 0.002 -2"><span class='ocrx_word' id='word_1_78' title='bbox 188 1202 362 1242; x_wconf 82' lang='lat' dir='ltr'>Stuarta</span> <span class='ocrx_word' id='word_1_79' title='bbox 390 1206 530 1243; x_wconf 90' lang='lat' dir='ltr'>motos</span> <span class='ocrx_word' id='word_1_80' title='bbox 560 1204 602 1243; x_wconf 91' lang='lat' dir='ltr'>in</span> <span class='ocrx_word' id='word_1_81' title='bbox 633 1216 736 1243; x_wconf 85' lang='lat' dir='ltr'>suae</span> <span class='ocrx_word' id='word_1_82' title='bbox 768 1204 950 1244; x_wconf 80' lang='lat' dir='ltr'>exitium</span> <span class='ocrx_word' id='word_1_83' title='bbox 979 1204 1130 1244; x_wconf 81' lang='lat' dir='ltr'>Scotos</span> 
     </span>
     <span class='ocr_line' id='line_1_23' title="bbox 182 1268 1327 1321; baseline 0.003 -14"><span class='ocrx_word' id='word_1_84' title='bbox 182 1268 431 1321; x_wconf 86' lang='lat' dir='ltr'>Anglosque</span> <span class='ocrx_word' id='word_1_85' title='bbox 461 1268 691 1308; x_wconf 65' lang='lat' dir='ltr'>dominae?</span> <span class='ocrx_word' id='word_1_86' title='bbox 747 1268 841 1308; x_wconf 89' lang='lat' dir='ltr'>Non</span> <span class='ocrx_word' id='word_1_87' title='bbox 871 1271 1017 1321; x_wconf 88' lang='lat' dir='ltr'>potest</span> <span class='ocrx_word' id='word_1_88' title='bbox 1046 1270 1089 1309; x_wconf 90' lang='lat' dir='ltr'>in</span> <span class='ocrx_word' id='word_1_89' title='bbox 1121 1270 1182 1310; x_wconf 89' lang='lat' dir='ltr'>eis</span> <span class='ocrx_word' id='word_1_90' title='bbox 1213 1271 1327 1311; x_wconf 89' lang='lat' dir='ltr'>enim</span> 
     </span>
     <span class='ocr_line' id='line_1_24' title="bbox 183 1332 1179 1386; baseline 0.005 -15"><span class='ocrx_word' id='word_1_91' title='bbox 183 1332 254 1372; x_wconf 92' lang='lat' dir='ltr'>Nil</span> <span class='ocrx_word' id='word_1_92' title='bbox 283 1346 378 1373; x_wconf 87' lang='lat' dir='ltr'>esse</span> <span class='ocrx_word' id='word_1_93' title='bbox 408 1333 592 1385; x_wconf 87' lang='lat' dir='ltr'>scriptis,</span> <span class='ocrx_word' id='word_1_94' title='bbox 624 1333 714 1373; x_wconf 88' lang='lat' dir='ltr'>iure</span> <span class='ocrx_word' id='word_1_95' title='bbox 745 1334 858 1385; x_wconf 84' lang='lat' dir='ltr'>quod</span> <span class='ocrx_word' id='word_1_96' title='bbox 889 1335 1006 1386; x_wconf 85' lang='lat' dir='ltr'>carpi</span> <span class='ocrx_word' id='word_1_97' title='bbox 1036 1339 1179 1386; x_wconf 82' lang='lat' dir='ltr'>queat.</span> 
     </span>
     <span class='ocr_line' id='line_1_25' title="bbox 181 1397 1229 1451; baseline 0.003 -14"><span class='ocrx_word' id='word_1_98' title='bbox 181 1397 333 1438; x_wconf 86' lang='lat' dir='ltr'>Nonne</span> <span class='ocrx_word' id='word_1_99' title='bbox 363 1398 508 1451; x_wconf 85' lang='lat' dir='ltr'>aliqua</span> <span class='ocrx_word' id='word_1_100' title='bbox 538 1398 709 1439; x_wconf 84' lang='lat' dir='ltr'>dabitur</span> <span class='ocrx_word' id='word_1_101' title='bbox 738 1400 846 1439; x_wconf 84' lang='lat' dir='ltr'>ratio</span> <span class='ocrx_word' id='word_1_102' title='bbox 877 1403 1069 1440; x_wconf 78' lang='lat' dir='ltr'>maturae</span> <span class='ocrx_word' id='word_1_103' title='bbox 1098 1400 1229 1449; x_wconf 72' lang='lat' dir='ltr'>necis,</span> 
     </span>
     <span class='ocr_line' id='line_1_26' title="bbox 184 1463 1205 1517; baseline 0.003 -14"><span class='ocrx_word' id='word_1_104' title='bbox 184 1463 291 1503; x_wconf 88' lang='lat' dir='ltr'>Cum</span> <span class='ocrx_word' id='word_1_105' title='bbox 320 1464 586 1516; x_wconf 84' lang='lat' dir='ltr'>deprehendi</span> <span class='ocrx_word' id='word_1_106' title='bbox 617 1464 833 1517; x_wconf 81' lang='lat' dir='ltr'>principes</span> <span class='ocrx_word' id='word_1_107' title='bbox 864 1465 1026 1517; x_wconf 81' lang='lat' dir='ltr'>fingent</span> <span class='ocrx_word' id='word_1_108' title='bbox 1054 1467 1205 1506; x_wconf 71' lang='lat' dir='ltr'>nefas?</span> 
     </span>
     <span class='ocr_line' id='line_1_27' title="bbox 187 1528 1140 1582; baseline 0.003 -14"><span class='ocrx_word' id='word_1_109' title='bbox 187 1528 281 1579; x_wconf 74' lang='lat' dir='ltr'>Qui⁷</span> <span class='ocrx_word' id='word_1_110' title='bbox 311 1543 366 1569; x_wconf 88' lang='lat' dir='ltr'>ne</span> <span class='ocrx_word' id='word_1_111' title='bbox 397 1529 576 1569; x_wconf 88' lang='lat' dir='ltr'>clientes</span> <span class='ocrx_word' id='word_1_112' title='bbox 606 1530 791 1582; x_wconf 84' lang='lat' dir='ltr'>amplius</span> <span class='ocrx_word' id='word_1_113' title='bbox 820 1529 982 1571; x_wconf 84' lang='lat' dir='ltr'>similes</span> <span class='ocrx_word' id='word_1_114' title='bbox 1012 1531 1140 1571; x_wconf 85' lang='lat' dir='ltr'>herae</span> 
     </span>
     <span class='ocr_line' id='line_1_28' title="bbox 187 1594 1143 1645; baseline 0.001 -11"><span class='ocrx_word' id='word_1_115' title='bbox 187 1594 299 1644; x_wconf 78' lang='lat' dir='ltr'>Quid</span> <span class='ocrx_word' id='word_1_116' title='bbox 326 1595 570 1645; x_wconf 79' lang='lat' dir='ltr'>moliantur,</span> <span class='ocrx_word' id='word_1_117' title='bbox 600 1595 643 1634; x_wconf 91' lang='lat' dir='ltr'>in</span> <span class='ocrx_word' id='word_1_118' title='bbox 673 1608 826 1636; x_wconf 86' lang='lat' dir='ltr'>nemus</span> <span class='ocrx_word' id='word_1_119' title='bbox 856 1596 1009 1636; x_wconf 87' lang='lat' dir='ltr'>ductos</span> <span class='ocrx_word' id='word_1_120' title='bbox 1039 1596 1143 1636; x_wconf 88' lang='lat' dir='ltr'>mihi</span> 
     </span>
     <span class='ocr_line' id='line_1_29' title="bbox 189 1660 1035 1712; baseline 0.002 -12"><span class='ocrx_word' id='word_1_121' title='bbox 189 1660 378 1712; x_wconf 83' lang='lat' dir='ltr'>Regione</span> <span class='ocrx_word' id='word_1_122' title='bbox 407 1660 525 1700; x_wconf 81' lang='lat' dir='ltr'>varia</span> <span class='ocrx_word' id='word_1_123' title='bbox 554 1660 803 1700; x_wconf 87' lang='lat' dir='ltr'>dididerunt</span> <span class='ocrx_word' id='word_1_124' title='bbox 831 1661 1035 1712; x_wconf 83' lang='lat' dir='ltr'>singulos.</span> 
     </span>
    </p>
   </div>
   <div class='ocr_carea' id='block_1_10' title="bbox 186 1743 1253 1933">
    <p class='ocr_par' dir='ltr' id='par_1_10' title="bbox 186 1743 1253 1933">
     <span class='ocr_line' id='line_1_30' title="bbox 595 1743 838 1784; baseline 0.004 -1"><span class='ocrx_word' id='word_1_125' title='bbox 595 1743 838 1784; x_wconf 87' lang='lat' dir='ltr'>Drurius.</span> 
     </span>
     <span class='ocr_line' id='line_1_31' title="bbox 186 1814 987 1867; baseline 0.001 -14"><span class='ocrx_word' id='word_1_126' title='bbox 186 1814 229 1854; x_wconf 87' lang='lat' dir='ltr'>Si</span> <span class='ocrx_word' id='word_1_127' title='bbox 261 1817 509 1867; x_wconf 81' lang='lat' dir='ltr'>perseverat</span> <span class='ocrx_word' id='word_1_128' title='bbox 537 1814 712 1854; x_wconf 84' lang='lat' dir='ltr'>Parisiis</span> <span class='ocrx_word' id='word_1_129' title='bbox 743 1814 987 1865; x_wconf 58' lang='lat' dir='ltr'>(filim-dius,</span> 
     </span>
     <span class='ocr_line' id='line_1_32' title="bbox 186 1879 1253 1933; baseline 0.001 -13"><span class='ocrx_word' id='word_1_130' title='bbox 186 1879 280 1929; x_wconf 75' lang='lat' dir='ltr'>Quo</span> <span class='ocrx_word' id='word_1_131' title='bbox 309 1880 466 1920; x_wconf 86' lang='lat' dir='ltr'>deinde</span> <span class='ocrx_word' id='word_1_132' title='bbox 495 1880 660 1920; x_wconf 86' lang='lat' dir='ltr'>reditus</span> <span class='ocrx_word' id='word_1_133' title='bbox 688 1880 861 1919; x_wconf 87' lang='lat' dir='ltr'>nomine</span> <span class='ocrx_word' id='word_1_134' title='bbox 892 1880 1087 1920; x_wconf 88' lang='lat' dir='ltr'>assiduos</span> <span class='ocrx_word' id='word_1_135' title='bbox 1118 1881 1253 1933; x_wconf 62' lang='lat' dir='ltr'>tegit?</span> 
     </span>
    </p>
   </div>
   <div class='ocr_carea' id='block_1_11' title="bbox 185 1968 1263 2092">
    <p class='ocr_par' dir='ltr' id='par_1_11' title="bbox 185 1968 1263 2092">
     <span class='ocr_line' id='line_1_33' title="bbox 620 1968 811 2008; baseline 0.005 -1"><span class='ocrx_word' id='word_1_136' title='bbox 620 1968 811 2008; x_wconf 86' lang='lat' dir='ltr'>Amias.</span> 
     </span>
     <span class='ocr_line' id='line_1_34' title="bbox 185 2039 1263 2092; baseline 0.002 -13"><span class='ocrx_word' id='word_1_137' title='bbox 185 2040 278 2090; x_wconf 76' lang='lat' dir='ltr'>Quo</span> <span class='ocrx_word' id='word_1_138' title='bbox 307 2053 463 2092; x_wconf 89' lang='lat' dir='ltr'>nempe</span> <span class='ocrx_word' id='word_1_139' title='bbox 494 2039 664 2080; x_wconf 87' lang='lat' dir='ltr'>solitus:</span> <span class='ocrx_word' id='word_1_140' title='bbox 695 2039 803 2079; x_wconf 84' lang='lat' dir='ltr'>clam</span> <span class='ocrx_word' id='word_1_141' title='bbox 834 2039 916 2091; x_wconf 86' lang='lat' dir='ltr'>piis</span> <span class='ocrx_word' id='word_1_142' title='bbox 946 2053 1118 2092; x_wconf 82' lang='lat' dir='ltr'>operam</span> <span class='ocrx_word' id='word_1_143' title='bbox 1150 2041 1263 2081; x_wconf 84' lang='lat' dir='ltr'>dare.</span> 
     </span>
    </p>
   </div>
   <div class='ocr_carea' id='block_1_12' title="bbox 177 2128 1127 2252">
    <p class='ocr_par' dir='ltr' id='par_1_12' title="bbox 177 2128 1127 2252">
     <span class='ocr_line' id='line_1_35' title="bbox 594 2128 827 2168; baseline -0.009 0"><span class='ocrx_word' id='word_1_144' title='bbox 594 2128 827 2168; x_wconf 86' lang='lat' dir='ltr'>Drurius.</span> 
     </span>
     <span class='ocr_line' id='line_1_36' title="bbox 177 2199 1127 2252; baseline 0 -12"><span class='ocrx_word' id='word_1_145' title='bbox 177 2199 390 2252; x_wconf 87' lang='lat' dir='ltr'>Suspecta</span> <span class='ocrx_word' id='word_1_146' title='bbox 418 2199 588 2240; x_wconf 89' lang='lat' dir='ltr'>reducis</span> <span class='ocrx_word' id='word_1_147' title='bbox 619 2199 808 2240; x_wconf 86' lang='lat' dir='ltr'>crebrius</span> <span class='ocrx_word' id='word_1_148' title='bbox 836 2199 968 2239; x_wconf 86' lang='lat' dir='ltr'>fuerit</span> <span class='ocrx_word' id='word_1_149' title='bbox 996 2201 1127 2240; x_wconf 85' lang='lat' dir='ltr'>salus.</span> 
     </span>
    </p>
   </div>
   <div class='ocr_carea' id='block_1_13' title="bbox 175 2288 1297 2540">
    <p class='ocr_par' dir='ltr' id='par_1_13' title="bbox 175 2288 1297 2540">
     <span class='ocr_line' id='line_1_37' title="bbox 611 2288 802 2328; baseline 0.005 -1"><span class='ocrx_word' id='word_1_150' title='bbox 611 2288 802 2328; x_wconf 81' lang='lat' dir='ltr'>Amias.</span> 
     </span>
     <span class='ocr_line' id='line_1_38' title="bbox 177 2358 1297 2412; baseline 0.002 -14"><span class='ocrx_word' id='word_1_151' title='bbox 177 2358 266 2399; x_wconf 79' lang='lat' dir='ltr'>Sed</span> <span class='ocrx_word' id='word_1_152' title='bbox 293 2361 516 2412; x_wconf 84' lang='lat' dir='ltr'>tamquam</span> <span class='ocrx_word' id='word_1_153' title='bbox 545 2360 588 2399; x_wconf 92' lang='lat' dir='ltr'>in</span> <span class='ocrx_word' id='word_1_154' title='bbox 619 2359 762 2412; x_wconf 89' lang='lat' dir='ltr'>aliquo</span> <span class='ocrx_word' id='word_1_155' title='bbox 792 2359 1089 2412; x_wconf 87' lang='lat' dir='ltr'>deprehensus</span> <span class='ocrx_word' id='word_1_156' title='bbox 1119 2361 1297 2401; x_wconf 89' lang='lat' dir='ltr'>crimine</span> 
     </span>
     <span class='ocr_line' id='line_1_39' title="bbox 175 2423 1082 2477; baseline 0.002 -14"><span class='ocrx_word' id='word_1_157' title='bbox 175 2423 323 2464; x_wconf 84' lang='lat' dir='ltr'>Patria</span> <span class='ocrx_word' id='word_1_158' title='bbox 350 2425 516 2464; x_wconf 81' lang='lat' dir='ltr'>feretur</span> <span class='ocrx_word' id='word_1_159' title='bbox 545 2425 671 2465; x_wconf 81' lang='lat' dir='ltr'>exsul</span> <span class='ocrx_word' id='word_1_160' title='bbox 699 2424 752 2465; x_wconf 86' lang='lat' dir='ltr'>ad</span> <span class='ocrx_word' id='word_1_161' title='bbox 783 2425 970 2477; x_wconf 85' lang='lat' dir='ltr'>speciem</span> <span class='ocrx_word' id='word_1_162' title='bbox 1003 2426 1082 2466; x_wconf 88' lang='lat' dir='ltr'>eici</span> 
     </span>
     <span class='ocr_line' id='line_1_40' title="bbox 1201 2506 1243 2540; baseline 0 -16"><span class='ocrx_word' id='word_1_163' title='bbox 1201 2506 1243 2540; x_wconf 71' lang='lat'>3*</span> 
     </span>
    </p>
   </div>
  </div>
 </body>
</html>
