1696 2676
400 339 433 363 60

397 665 431 688 05

740 81 765 107 [ἰ
771 83 796 108 1)
802 81 995 115 VLERle,
1018 81 1065 108 ST
1071 81 1126 107 VA
1132 81 1214 108 RTA
1236 83 1255 108 I.

467 194 563 234 Non
592 198 639 233 ut
668 194 874 246 sequaris,
914 195 990 235 sed
1020 195 1141 235 nefas
1170 196 1308 235 11131113
1337 199 1494 247 patres,

469 260 649 311 Regina,
679 260 862 312 populos
893 273 1003 312 quae
1033 260 1182 301 (1011133
1211 261 1493 309 Britannicos,

473 325 697 365 Domitura
726 324 916 365 Scotiam
945 328 1099 377 sponte
1128 326 1212 365 iam
1243 325 1426 365 similem
1457 326 1547 376 tibi,

468 390 513 430 Si
543 390 787 442 perduelles
817 394 859 429 et
890 393 988 430 tuos
1019 394 1063 430 et
1093 391 1286 443 hospites

468 456 744 503 Exeuterare,
774 458 949 506 guttura
980 456 1086 495 elisa
1115 469 1284 507 angere,

467 521 643 560 Torrere
673 522 843 560 1131111113
874 524 917 560 et
946 533 1130 572 coquere
1159 524 1379 562 truncatos
1408 522 1550 573 palam

467 586 679 625 Fervente
710 586 852 637 pergis
881 586 1008 625 latice
1038 587 1308 626 membratim
1339 587 1442 639 pios.

470 651 578 690 Nam
609 664 683 690 cur
712 652 764 690 ab
794 651 892 690 altis
920 651 1160 703 principum
1190 652 1425 692 cervicibus

467 716 599 755 Vacat
629 716 820 756 securis?
876 716 998 756 Vnde
1029 719 1075 755 tu
1107 716 1301 756 dextram
1332 718 1552 758 abstines?

463 781 662 822 Nondum
694 783 907 834 capitibus
936 782 1009 822 illa
1038 796 1288 834 magnorum
1319 783 1437 823 venit

466 847 701 887 Metuenda
730 850 907 899 regum?
966 847 1095 888 Vince
1131 849 1368 900 genitorem
1399 852 1443 888 et
1470 862 1589 889 meos

346 923 442 955 [Bet]
476 912 583 952 Esse
613 912 819 965 pietatem
848 926 926 965 per
955 916 1053 953 tuos
1083 926 1213 954 ausus
1243 914 1353 954 iube.

397 992 411 1016 ’ἶ
415 992 430 1015 Ο

388 1900 423 1924 80

386 2227 423 2251 85

472 977 740 1029 Quamquam
772 979 962 1030 profecto
992 979 1215 1018 criminum
1246 982 1457 1031 quotquot
1486 980 1603 1029 facis,

466 1043 571 1093 Quis
600 1057 668 1083 ine
700 1044 766 1083 vel
797 1057 929 1083 unum
958 1044 1102 1095 potius
1132 1048 1350 1084 auctorem
1379 1047 1536 1097 neget?

461 1108 632 1148 Etenim
662 1122 853 1149 meorum
882 1108 942 1147 nil
971 1109 1103 1149 habes
1133 1110 1344 1149 scelerum
1374 1110 1463 1160 tibi,

463 1175 521 1213 At
551 1178 617 1214 est
646 1188 801 1224 meum,
833 1174 1134 1226 quodcumque
1165 1175 1362 1226 designas
1392 1188 1498 1216 11163.

464 1239 568 1280 Ρ1113
597 1240 665 1279 hic
695 1240 903 1279 malorum
933 1239 1070 1288 video,
1102 1253 1211 1291 quae
1241 1240 1323 1279 feci
1352 1254 1523 1290 nocens,

467 1305 604 1355 Quam
634 1319 710 1357 per
738 1305 957 1357 nigrantes
987 1305 1098 1345 Ditis
1127 1304 1281 1344 inferni
1311 1305 1470 1345 domos.

670 1454 944 1494 Elimbeta.
1004 1454 1078 1493 Du
1092 1453 1289 1493 (1613611
1304 1468 1334 1494 s

862 1550 1148 1590 Elizabeta.

460 1626 496 1665 O
526 1640 609 1666 nox
640 1630 683 1666 et
712 1627 887 1666 umbrae
918 1627 1095 1679 visaque
1125 1627 1309 1667 insomni
1339 1627 1509 1667 horrida

460 1690 778 1743 Silentiumque
807 1692 1044 1744 publicum!
1103 1692 1137 1732 O
1168 1693 1317 1731 mundi
1346 1692 1480 1744 quies.

459 1756 638 1797 Alterna
666 1757 862 1797 Phoebe!
919 1756 954 1797 O
984 1758 1134 1809 patria.
1164 1758 1232 1797 cui
1262 1760 1326 1797 tot
1356 1758 1560 1797 barbarae

458 1822 623 1862 Gentes
653 1822 865 1862 dederunt
892 1823 1040 1874 spolia,
1072 1823 1138 1862 cui
1167 1823 1273 1862 felix
1295 1822 1366 1862 diu

464 1887 678 1927 Arthurus
709 1888 903 1939 equitum
932 1887 1119 1928 nobilem
1150 1888 1336 1928 instituit
1364 1889 1557 1928 manum!

456 1951 491 1991 O
521 1953 757 1993 insularum
787 1953 970 2002 domina,
1000 1953 1220 2005 regnatrix
1252 1955 1392 2003 maris,

459 2016 590 2057 Cuius
619 2031 694 2069 per
722 2031 848 2058 omne
876 2017 1000 2058 littus
1028 2019 1280 2058 innumerae
1311 2018 1480 2070 Tethyn

454 2082 645 2122 Onerant
674 2083 840 2123 carinae
877 2084 1030 2135 cuique
1061 2083 1135 2124 det
1165 2084 1297 2123 Delos
1326 2096 1499 2122 manum

457 2147 511 2187 Et
541 2148 668 2187 Creta
698 2152 871 2187 centum
901 2149 1057 2189 nobilis
1088 2149 1302 2200 quondam
1333 2148 1520 2196 urbibus,

464 2213 586 2253 Licet
614 2213 687 2252 1113
716 2213 890 2253 Phoebo
919 2213 1085 2262 melius,
1118 2214 1221 2253 haec
1251 2213 1380 2254 altrix
1408 2213 1519 2253 Iovi!

456 2278 561 2328 Quis
589 2281 632 2318 te
663 2278 836 2326 invidet,
867 2292 962 2318 mea
991 2281 1135 2318 terra?
1167 2279 1272 2328 Quis
1301 2281 1344 2318 te
1380 2278 1519 2317 aufert
1548 2277 1666 2328 mihi,

456 2342 684 2383 Hereditas
714 2347 903 2395 paterna,
933 2347 997 2383 tot
1026 2343 1135 2384 serie
1166 2351 1335 2395 patrum
