1623 2655
206 100 259 140 26

218 287 312 320 [Dzb]

259 493 311 517 475

263 818 315 842 480

263 1216 313 1239 485

264 1541 316 1565 45⁴0

265 1866 316 1890 495

224 2122 315 2156 [D3a]

266 2325 319 2349 500

601 97 858 125 ROVLERIVS.
881 97 1087 124 STVARTA.
1128 97 1170 124 ss.

351 212 487 264 Spera
514 211 594 252 tibi
622 211 816 263 tuisque:
847 211 920 263 qui
949 211 1010 251 nil
1038 225 1123 251 non
1153 214 1310 264 potest,

353 276 573 329 Respiciet
601 277 688 316 alto
718 276 854 317 facilis
883 277 1099 317 adflictam
1128 278 1257 317 Deus.

736 354 960 394 Stuarta.

351 413 463 462 Quin
492 411 754 453 comminisci
783 427 869 453 non
898 413 1003 453 satis
1033 426 1160 465 posse
1190 414 1234 453 in
1265 415 1395 465 caput

349 478 565 527 Nostrum,
596 477 710 529 quod
740 477 833 530 ipsa
864 485 998 518 morte
1030 478 1222 518 damnari
1253 482 1395 530 queat,

349 543 481 592 Quasi
510 542 745 593 subigenda
776 543 944 594 legibus
973 544 1173 595 princeps
1202 544 1349 592 forem,

350 608 663 648 Contaminatis
694 607 843 647 fraude
872 607 1084 648 iudicibus
1114 608 1243 658 dolet,

352 673 477 713 Dolet
507 672 751 713 Britannae.
809 672 966 712 Servor
994 673 1037 712 in
1067 673 1188 723 vivis,
1220 673 1319 725 quia

351 738 502 789 Neque
533 751 628 778 esse
659 751 759 777 vera
788 738 913 790 culpa
941 751 1081 790 neque
1112 738 1213 790 fingi
1242 742 1395 790 potest.

408 803 490 852 Qui
518 816 686 843 summa
716 803 822 842 caeli
850 803 1013 855 templa
1042 803 1185 843 sonitu
1215 803 1419 852 concutis,

355 868 568 908 Converte
598 868 744 908 vultus
773 868 824 908 ad
857 881 975 907 meas
1005 868 1161 917 clades,
1192 871 1327 920 pater,

351 933 616 985 Mariamque
649 947 776 973 serva
804 934 977 984 regibus·
1006 933 1191 983 viduam,
1222 945 1381 985 precor,

354 999 475 1039 Sicut
503 998 718 1051 Iosephon
748 998 952 1050 improbis
981 998 1202 1038 adulterae

352 1063 478 1113 Olim,
509 1063 751 1103 Susannam
780 1063 969 1103 iudicum
999 1068 1191 1115 ereptam
1222 1063 1399 1116 probris.

734 1140 975 1180 Medicus.

352 1200 406 1239 Et
435 1200 471 1239 si
500 1213 678 1252 perosus
707 1199 896 1239 nondum
930 1212 976 1239 es
1006 1200 1241 1239 humanum
1271 1213 1418 1251 genus,

353 1265 388 1305 O
418 1265 492 1317 qui
521 1268 747 1317 potentum
778 1265 970 1305 conscios
999 1269 1141 1304 motus
1171 1265 1294 1316 regis,

352 1333 541 1370 Aeterne
572 1330 715 1369 divum
748 1334 888 1370 rector
917 1333 959 1369 et
990 1329 1125 1370 nostri
1155 1334 1270 1370 sator

354 1395 545 1436 Generis.
576 1398 743 1435 reverte
773 1395 880 1435 haec
909 1394 1081 1434 numine
1112 1395 1156 1433 in
1184 1394 1339 1435 melius
1369 1398 1456 1435 tuo.

352 1460 545 1500 Immitte
575 1460 703 1500 molle
734 1462 886 1511 pectus
916 1462 960 1499 et
988 1464 1178 1499 mentem
1207 1461 1363 1500 bonam

355 1525 622 1566 Elizabetae:
652 1538 740 1577 per⁷
772 1525 887 1576 quod
917 1525 1106 1564 adfectat
1134 1525 1273 1574 nimis,

353 1590 532 1642 Signum
562 1590 725 1642 imperi,
757 1590 965 1638 diadema,
995 1602 1073 1641 per
1101 1589 1166 1629 ius
1196 1590 1416 1642 hospitum

353 1655 541 1696 Consilia
569 1657 722 1705 mutet,
752 1659 923 1695 moveat
953 1658 1133 1706 agnatae
1164 1655 1317 1695 domus

353 1721 408 1760 Et
436 1733 513 1773 par
540 1724 736 1773 potestas
765 1723 807 1760 et
838 1720 1067 1760 diuturnus
1095 1720 1222 1759 nimis

354 1785 531 1830 Paedor,
562 1799 641 1826 nec
670 1785 801 1825 addat
829 1784 995 1825 crimini
1024 1785 1132 1824 falso
1163 1784 1303 1825 fidem.

356 1850 464 1900 Quia
492 1864 680 1902 namque
709 1854 872 1902 regnat⁷
904 1849 1090 1901 concipit
1118 1849 1267 1889 faciles
1297 1853 1454 1900 metus,

357 1916 587 1968 Vanusque
617 1928 771 1967 magno
801 1917 970 1955 constat
998 1915 1242 1967 hospitibus
1270 1914 1408 1964 timor,

357 1981 439 2030 Qui
467 1980 735 2020 mentiuntur
764 1981 938 2030 scelera,
969 1993 1053 2032 quo
1082 1979 1169 2020 leto
1199 1980 1382 2032 probent

356 2045 538 2096 Dignam
568 2045 767 2085 verendis
797 2044 1020 2096 coniugem
1052 2044 1294 2094 virtutibus,

355 2110 551 2158 Matrem,
581 2123 781 2159 sororem,
812 2110 942 2150 filiam
971 2123 1121 2161 regum
1151 2109 1357 2150 occidant.

650 2187 840 2227 Amias.
899 2187 1127 2226 Stuarta.

793 2251 983 2291 Amias.

358 2311 509 2350 Mortis
537 2309 784 2362 liquescunt
811 2309 854 2349 in
884 2310 977 2350 dies
1007 2322 1173 2358 causae,
1205 2311 1249 2348 et
1277 2308 1394 2361 prius

358 2376 538 2428 Semper
566 2378 723 2426 negata
752 2374 911 2414 veritas
939 2374 1024 2414 iam
1054 2374 1100 2413 fit
1128 2373 1284 2426 palam.
