1623 2655
115 410 170 435 '150

114 736 168 761 '255

113 1061 167 1086 '160

110 1387 165 1412 765

111 1712 163 1738 770

64 1837 102 1870 [Ε
111 1838 162 1872 4b]

117 2162 169 2187 775

455 125 712 159 Rovmzmvs,
730 124 936 152 STVARTA.
959 124 1019 150 111.
1364 125 1418 164 37

362 240 454 280 Stu
467 242 590 279 arta.
648 238 868 278 Bealius.
927 238 1016 277 Am
1029 237 1110 277 ias.

619 327 842 367 Stuarta.

209 395 275 435 Tu
303 408 385 444 me,
415 394 544 434 deum
573 406 786 445 supreme,
817 393 1043 432 sollicitam
1075 393 1227 433 domus

207 460 338 501 Carae
369 462 411 499 et
440 472 634 499 meorum
661 461 810 511 patere
841 458 1036 498 crudeles
1066 458 1205 498 adhuc

205 525 415 566 Habitare
445 528 582 564 terras
611 527 742 575 atque
772 523 876 563 litus
907 523 1118 576 impium?

205 591 387 630 Iacobus
417 590 518 630 olim
547 590 609 629 sic
638 592 682 629 et
710 589 905 629 Albanus
935 589 1026 640 pari

206 655 388 708 Indigna
417 668 571 708 passus
601 655 689 694 dux
719 654 969 694 Alexander
997 654 1114 706 iugo:

207 721 298 762 Nec
326 721 549 761 servitutis
579 721 622 759 in
652 720 804 760 Scotos
834 720 965 760 durae
995 720 1182 761 modus?

205 787 324 837 Quae
353 787 428 826 lux
458 785 690 825 Britannos
719 785 896 834 adferet,
928 786 1079 837 quales
1109 790 1231 826 erant

203 852 397 892 Tenente
428 864 607 903 magnae
636 851 758 891 frena
787 850 952 890 Canuto
982 850 1148 891 insulae
1161 853 1181 890 ·.’

206 916 387 967 Quicum
416 917 489 956 illa
518 916 654 969 primo
684 916 871 955 numinis
901 916 1043 967 magni
1074 916 1155 956 dea

208 982 380 1022 Iustitia
409 982 527 1021 caelo
557 981 688 1022 missa
718 994 814 1020 cum
844 984 994 1021 sancta
1023 981 1106 1021 fide

206 1047 499 1087 Communiter
526 1048 703 1098 regebat
731 1047 965 1086 humanum
995 1060 1144 1098 genus.

206 1112 310 1162 Quis
339 1112 478 1164 regias
508 1112 688 1152 vidisset
709 1111 750 1151 in
780 1111 932 1151 vinclis
963 1115 1128 1152 nurus?

209 1177 334 1217 Nunc
361 1177 435 1217 illa
462 1179 601 1217 terras
631 1177 741 1228 fugit
771 1180 814 1216 et
843 1190 986 1217 mores
1014 1178 1128 1217 feros

203 1242 437 1282 Hominum
448 1245 493 1282 et
506 1242 722 1294 frequenti
736 1243 944 1294 sanguine
961 1243 1197 1283 undantem
1207 1244 1407 1295 Angliam

205 1307 390 1348 Astraea
420 1308 551 1359 virgo.
609 1307 751 1347 Subiit
781 1321 835 1347 ex
864 1308 937 1347 illo
968 1309 1103 1348 fames

205 1373 362 1413 Insana
390 1373 589 1423 habendi,
620 1375 766 1425 spreta
796 1372 944 1425 religio
973 1376 1157 1425 patrum,

202 1438 258 1478 Et
286 1439 387 1478 orbe
416 1441 564 1479 nostro
593 1439 828 1478 maximum
860 1442 1057 1479 exortum
1087 1447 1154 1479 est
1183 1440 1359 1481 malurn:

200 1503 402 1553 Luxuria,
432 1503 569 1556 pestis
597 1503 767 1553 blanda,
798 1503 867 1544 cui
896 1505 1025 1544 robur
1053 1504 1173 1545 dedit

200 1568 516 1621 Cumulumque
534 1569 709 1621 longum
729 1572 903 1622 tempus
929 1573 1059 1622 atque
1087 1583 1205 1610 error
1231 1570 1405 1623 duplex.

202 1634 254 1673 Et
283 1639 409 1674 aucta
436 1634 541 1675 vitia
570 1648 647 1687 per
675 1637 740 1675 tot
768 1638 936 1676 aetates
965 1636 1008 1675 in
1037 1636 1149 1675 hanc

202 1699 344 1739 Vnam
372 1699 630 1740 redundant.
687 1700 805 1740 Vicit
833 1701 1034 1753 impietas
1063 1702 1210 1751 bonos,

198 1764 417 1817 Turpique
447 1778 605 1805 venere
635 1766 756 1817 virgo
785 1766 1031 1806 dominatur
1060 1779 1191 1806 nova:

203 1829 332 1881 Virgo
360 1830 434 1870 illa
463 1843 619 1882 nempe
649 1830 750 1870 nixa
779 1831 1011 1883 sulphureo
1041 1831 1163 1883 pede,

205 1893 336 1934 Cuius
364 1908 444 1934 nec
473 1894 587 1935 orbis
615 1898 736 1935 totus
765 1895 917 1936 adfuso
947 1896 1053 1936 satis

206 1958 373 1999 Poterit
401 1965 608 2011 vagantes
636 1961 789 2000 sistere
820 1961 990 2001 Oceano
1020 1962 1147 2003 faces.

569 2068 911 2109 Buccartius.

208 2149 486 2189 Examinatas
515 2150 614 2190 hinc
643 2154 688 2190 et
715 2150 814 2191 inde
844 2152 1010 2192 litteras

204 2214 416 2266 Visasque
445 2215 640 2267 patribus
669 2218 798 2268 atque
829 2217 1007 2257 concilio
1039 2218 1173 2257 virum

203 2279 557 2330 Clarissimorum,
589 2293 697 2332 quas
725 2281 893 2323 ferebat
922 2282 1097 2323 Celticis

196 2343 427 2386 Limitibus
457 2345 714 2398 explorator,
746 2350 795 2386 ut
822 2347 986 2399 passim
1015 2348 1121 2387 nihil

192 2407 310 2449 Citra
336 2409 546 2462 periclum
574 2410 679 2462 regii
708 2412 865 2464 capitis
896 2413 1020 2461 foret⁷
